% This file was created with JabRef 2.9.2.
% Encoding: MacRoman

@INPROCEEDINGS{Borodin,
  author = {Allan Borodin},
  title = {Towards a Theory of Algorithms},
  booktitle = {WADS},
  year = {2005},
  pages = {1},
  bibsource = {DBLP, http://dblp.uni-trier.de},
  crossref = {DBLP:conf/wads/2005},
  ee = {http://dx.doi.org/10.1007/11534273_1}
}

@incollection{MFCS09,
  title={Sampling Edge Covers in 3-Regular Graphs},
  author={Bez{\'a}kov{\'a}, Ivona and Rummler, William A},
  booktitle={Mathematical Foundations of Computer Science 2009},
  pages={137--148},
  year={2009},
  publisher={Springer}
}



@INPROCEEDINGS{BulatovG04,
  author = {Andrei A. Bulatov and Martin Grohe},
  title = {The Complexity of Partition Functions},
  booktitle = {Proceedings of the 31st International Colloquium on Automata, Languages
	and Programming},
  year = {2004},
  series = {ICALP '04},
  pages = {294-306},
  bibsource = {DBLP, http://dblp.uni-trier.de},
  crossref = {DBLP:conf/icalp/2004},
  ee = {http://springerlink.metapress.com/openurl.asp?genre=article{\&}issn=0302-9743{\&}volume=3142{\&}spage=294}
}

@INPROCEEDINGS{FCT07,
  author = {Jin-yi Cai and Pinyan Lu},
  title = {On Block-Wise Symmetric Signatures for Matchgates},
  booktitle = {FCT},
  year = {2007},
  pages = {187-198},
  bibsource = {DBLP, http://dblp.uni-trier.de},
  crossref = {DBLP:conf/fct/2007},
  ee = {http://dx.doi.org/10.1007/978-3-540-74240-1_17}
}

@INPROCEEDINGS{Homomorphisms,
  author = {Jin-Yi Cai and Xi Chen and Pinyan Lu},
  title = {Graph Homomorphisms with Complex Values: A Dichotomy Theorem},
  booktitle = {Proceedings of the 37th International Colloquium on Automata, Languages
	and Programming},
  year = {2010},
  series = {ICALP '10},
  pages = {275-286},
  bibsource = {DBLP, http://dblp.uni-trier.de},
  crossref = {DBLP:conf/icalp/2010-1},
  ee = {http://dx.doi.org/10.1007/978-3-642-14165-2_24}
}

@INPROCEEDINGS{CaiC06,
  author = {Jin-Yi Cai and Vinay Choudhary},
  title = {Some Results on Matchgates and Holographic Algorithms},
  booktitle = {Proceedings of the 33rd International Colloquium on Automata, Languages
	and Programming},
  year = {2006},
  series = {ICALP '06},
  pages = {703-714},
  bibsource = {DBLP, http://dblp.uni-trier.de},
  crossref = {DBLP:conf/icalp/2006-1},
  ee = {http://dx.doi.org/10.1007/11786986_61}
}

@INPROCEEDINGS{CHL09,
  author = {Jin-Yi Cai and Sangxia Huang and Pinyan Lu},
  title = {From Holant to \#{CSP} and Back: Dichotomy for Holant$^{\mbox{{\it
	}}}$ Problems},
  booktitle = {Proceedings of the 21st International Symposium on Algorithms and
	Computation},
  year = {2010},
  series = {ISAAC '10},
  pages = {253-265},
  bibsource = {DBLP, http://dblp.uni-trier.de},
  crossref = {DBLP:conf/isaac/2010-1},
  ee = {http://dx.doi.org/10.1007/978-3-642-17517-6_24}
}

@INPROCEEDINGS{CaiK10,
  author = {Jin-Yi Cai and Michael Kowalczyk},
  title = {A Dichotomy for {\it k}-Regular Graphs with \{0, 1\}-Vertex Assignments
	and Real Edge Functions},
  booktitle = {The 7th Annual Conference on Theory and Applications of Models of
	Computation},
  year = {2010},
  series = {TAMC '10},
  pages = {328-339},
  bibsource = {DBLP, http://dblp.uni-trier.de},
  crossref = {DBLP:conf/tamc/2010},
  ee = {http://dx.doi.org/10.1007/978-3-642-13562-0_30}
}

@INPROCEEDINGS{ISAAC08,
  author = {Jin-Yi Cai and Pinyan Lu},
  title = {Signature Theory in Holographic Algorithms},
  booktitle = {Proceedings of the 19th International Symposium on Algorithms and
	Computation},
  year = {2008},
  series = {ISAAC '08},
  pages = {568-579},
  bibsource = {DBLP, http://dblp.uni-trier.de},
  crossref = {DBLP:conf/isaac/2008},
  ee = {http://dx.doi.org/10.1007/978-3-540-92182-0_51}
}

@INPROCEEDINGS{TAMC09,
  author = {Jin-Yi Cai and Pinyan Lu and Mingji Xia},
  title = {A Computational Proof of Complexity of Some Restricted Counting Problems},
  booktitle = {The 6th Annual Conference on Theory and Applications of Models of
	Computation},
  year = {2009},
  series = {TAMC '09},
  pages = {138-149},
  bibsource = {DBLP, http://dblp.uni-trier.de},
  crossref = {DBLP:conf/tamc/2009},
  ee = {http://dx.doi.org/10.1007/978-3-642-02017-9_17}
}

@INPROCEEDINGS{dich_DGGJ00,
  author = {Martin E. Dyer and Leslie Ann Goldberg and Catherine S. Greenhill
	and Mark Jerrum},
  title = {On the relative complexity of approximate counting problems},
  booktitle = {The 13th International Workshop on Approximation Algorithms for Combinatorial
	Optimization Problems},
  year = {2000},
  series = {APPROX '00},
  pages = {108-119},
  bibsource = {DBLP, http://dblp.uni-trier.de},
  crossref = {DBLP:conf/approx/2000},
  ee = {http://dx.doi.org/10.1007/3-540-44436-X_12}
}

@INPROCEEDINGS{dicho_DGJR10,
  author = {Martin E. Dyer and Leslie Ann Goldberg and Markus Jalsenius and David
	Richerby},
  title = {The Complexity of Approximating Bounded-Degree Boolean \#CSP},
  booktitle = {The 27th International Symposium on Theoretical Aspects of Computer
	Science},
  year = {2010},
  series = {STACS '10},
  pages = {323-334},
  bibsource = {DBLP, http://dblp.uni-trier.de},
  crossref = {DBLP:conf/stacs/2010},
  ee = {http://dx.doi.org/10.4230/LIPIcs.STACS.2010.2466}
}

@INPROCEEDINGS{DyerGP06,
  author = {Martin E. Dyer and Leslie Ann Goldberg and Mike Paterson},
  title = {On Counting Homomorphisms to Directed Acyclic Graphs},
  booktitle = {Proceedings of the 33rd International Colloquium on Automata, Languages
	and Programming},
  year = {2006},
  series = {ICALP '06},
  pages = {38-49},
  bibsource = {DBLP, http://dblp.uni-trier.de},
  crossref = {DBLP:conf/icalp/2006-11},
  ee = {http://dx.doi.org/10.1007/11786986_5}
}

@inproceedings{HuangL12,
  author    = {Sangxia Huang and
               Pinyan Lu},
  title     = {A Dichotomy for Real Weighted Holant Problems},
  booktitle = {IEEE Conference on Computational Complexity},
  year      = {2012},
  pages     = {96-106}
}

@inproceedings{CaiGW13,
  author    = {Jin-Yi Cai and
               Heng Guo and
               Tyson Williams},
  title     = {A complete dichotomy rises from the capture of vanishing
               signatures: extended abstract},
  booktitle = {STOC},
  year      = {2013},
  pages     = {635-644}
}



@INPROCEEDINGS{GuoHLX11,
  author = {Heng Guo and Sangxia Huang and Pinyan Lu and Mingji Xia},
  title = {The Complexity of Weighted Boolean \#{CSP} Modulo $k$},
  booktitle = {The 28th International Symposium on Theoretical Aspects of Computer
	Science},
  year = {2011},
  series = {STACS '11},
  pages = {249-260},
  bibsource = {DBLP, http://dblp.uni-trier.de},
  crossref = {DBLP:conf/stacs/2010},
  ee = {http://dx.doi.org/10.4230/LIPIcs.STACS.2011.249}
}

@INPROCEEDINGS{col_HV05,
  author = {Thomas P. Hayes and Eric Vigoda},
  title = {Coupling with the stationary distribution and improved sampling for
	colorings and independent sets},
  booktitle = {Proceedings of the sixteenth annual ACM-SIAM symposium on Discrete
	algorithms},
  year = {2005},
  series = {SODA '05},
  pages = {971-979},
  bibsource = {DBLP, http://dblp.uni-trier.de},
  crossref = {DBLP:conf/soda/2005},
  ee = {http://doi.acm.org/10.1145/1070432.1070573}
}

@INPROCEEDINGS{mike09,
  author = {Michael Kowalczyk},
  title = {Classification of a Class of Counting Problems Using Holographic
	Reductions},
  booktitle = {COCOON},
  year = {2009},
  pages = {472-485},
  bibsource = {DBLP, http://dblp.uni-trier.de},
  crossref = {DBLP:conf/cocoon/2009},
  ee = {http://dx.doi.org/10.1007/978-3-642-02882-3_47}
}

@INPROCEEDINGS{LuTY06,
  author = {Pinyan Lu and Shang-Hua Teng and Changyuan Yu},
  title = {Truthful Auctions with Optimal Profit},
  booktitle = {WINE},
  year = {2006},
  pages = {27-36},
  bibsource = {DBLP, http://dblp.uni-trier.de},
  crossref = {DBLP:conf/wine/2006},
  ee = {http://dx.doi.org/10.1007/11944874_4}
}

@INPROCEEDINGS{LuY08,
  author = {Pinyan Lu and Changyuan Yu},
  title = {An Improved Randomized Truthful Mechanism for Scheduling Unrelated
	Machines},
  booktitle = {STACS},
  year = {2008},
  pages = {527-538},
  bibsource = {DBLP, http://dblp.uni-trier.de},
  crossref = {DBLP:conf/stacs/2008},
  ee = {http://drops.dagstuhl.de/opus/volltexte/2008/1314}
}

@INPROCEEDINGS{LuZPC05,
  author = {Pinyan Lu and Jialin Zhang and Chung Keung Poon and Jin-yi Cai},
  title = {Simulating Undirected {\it t}-Connectivity Algorithms on Uniform
	JAGs and NNJAGs},
  booktitle = {ISAAC},
  year = {2005},
  pages = {767-776},
  bibsource = {DBLP, http://dblp.uni-trier.de},
  crossref = {DBLP:conf/isaac/2005},
  ee = {http://dx.doi.org/10.1007/11602613_77}
}

@INPROCEEDINGS{Valiant09,
  author = {Leslie G. Valiant},
  title = {Some Observations on Holographic Algorithms},
  booktitle = {LATIN},
  year = {2010},
  pages = {577-590},
  bibsource = {DBLP, http://dblp.uni-trier.de},
  crossref = {DBLP:conf/latin/2010},
  ee = {http://dx.doi.org/10.1007/978-3-642-12200-2_50}
}

@INPROCEEDINGS{Valiant05,
  author = {Leslie G. Valiant},
  title = {Completeness for Parity Problems},
  booktitle = {COCOON},
  year = {2005},
  pages = {1-8},
  bibsource = {DBLP, http://dblp.uni-trier.de},
  crossref = {DBLP:conf/cocoon/2005},
  ee = {http://dx.doi.org/10.1007/11533719_1}
}

@INPROCEEDINGS{Valiant05b,
  author = {Leslie G. Valiant},
  title = {Holographic Circuits},
  booktitle = {ICALP},
  year = {2005},
  pages = {1-15},
  bibsource = {DBLP, http://dblp.uni-trier.de},
  crossref = {DBLP:conf/icalp/20051},
  ee = {http://dx.doi.org/10.1007/11523468_1}
}

@INPROCEEDINGS{Alekhnovich,
  author = {Alekhnovich, Michael and Borodin, Allan and Buresh-Oppenheim, Joshua
	and Impagliazzo, Russell and Magen, Avner and Pitassi, Toniann},
  title = {Toward a Model for Backtracking and Dynamic Programming},
  booktitle = {CCC '05: Proceedings of the 20th Annual IEEE Conference on Computational
	Complexity},
  year = {2005},
  pages = {308--322},
  address = {Washington, DC, USA},
  publisher = {IEEE Computer Society},
  doi = {http://dx.doi.org/10.1109/CCC.2005.32},
  isbn = {0-7695-2364-1}
}

@ARTICLE{AK06,
  author = {Arvind, V. and Kurur, Piyush P.},
  title = {Graph isomorphism is in SPP},
  journal = {Inf. Comput.},
  year = {2006},
  volume = {204},
  pages = {835--852},
  number = {5},
  issn = {0890-5401}
}

@ARTICLE{BG08,
  author = {Bandyopadhyay, Antar and Gamarnik, David},
  title = {Counting without sampling: Asymptotics of the log-partition function
	for certain statistical physics models},
  journal = {Random Structures \& Algorithms},
  year = {2008},
  volume = {33},
  pages = {452--479},
  number = {4},
  publisher = {Wiley Online Library}
}

@BOOK{baxter1982exactly,
  title = {{Exactly solved models in statistical mechanics}},
  publisher = {Academic press London},
  year = {1982},
  author = {Baxter, R.J.}
}

@INPROCEEDINGS{BGKNT07,
  author = {Mohsen Bayati and David Gamarnik and Dimitriy Katz and Chandra Nair
	and Prasad Tetali},
  title = {Simple deterministic approximation algorithms for counting matchings},
  booktitle = {Proceedings of STOC},
  year = {2007},
  pages = {122--127}
}

@INPROCEEDINGS{beigel1998np,
  author = {Beigel, Richard and Buhrman, Harry and Fortnow, Lance},
  title = {NP might not be as easy as detecting unique solutions},
  booktitle = {STOC '98: Proceedings of the thirtieth annual ACM symposium on Theory
	of computing},
  year = {1998},
  pages = {203--208},
  isbn = {0-89791-962-9}
}

@INPROCEEDINGS{inapp_BR04,
  author = {Bhatnagar, Nayantara and Randall, Dana},
  title = {Torpid mixing of simulated tempering on the Potts model},
  booktitle = {Proceedings of the fifteenth annual ACM-SIAM symposium on Discrete
	algorithms},
  year = {2004},
  series = {SODA '04},
  pages = {478--487},
  address = {Philadelphia, PA, USA},
  publisher = {Society for Industrial and Applied Mathematics},
  acmid = {982860},
  isbn = {0-89871-558-X},
  location = {New Orleans, Louisiana},
  numpages = {10},
  url = {http://portal.acm.org/citation.cfm?id=982792.982860}
}

@BOOK{Blum96,
  title = {Complexity and Real Computation},
  publisher = {Springer-Verlag New York, Inc.},
  year = {1998},
  author = {Lenore Blum and Felipe Cucker and Mike Shub and Steve Smale},
  address = {Secaucus, NJ, USA}
}

@BOOK{smale-book,
  title = {Complexity and real computation},
  publisher = {Springer-Verlag New York, Inc.},
  year = {1998},
  author = {Lenore Blum and Felipe Cucker and Michael Shub and Steve Smale},
  address = {Secaucus, NJ, USA}
}

@ARTICLE{col_BDK08,
  author = {Magnus Bordewich and Martin E. Dyer and Marek Karpinski},
  title = {Path coupling using stopping times and counting independent sets
	and colorings in hypergraphs},
  journal = {Random Struct. Algorithms},
  year = {2008},
  volume = {32},
  pages = {375-399},
  number = {3},
  bibsource = {DBLP, http://dblp.uni-trier.de},
  ee = {http://dx.doi.org/10.1002/rsa.20204}
}

@INPROCEEDINGS{BCLSV06,
  author = {Christian Borgs and Jennifer Chayes and L{\'a}szl{\'o} Lov{\'a}sz
	and Vera T. S{\'o}s and Katalin Vesztergombi},
  title = {Counting graph homomorphisms},
  booktitle = {Topics in Discrete Math},
  year = {2006},
  pages = {315--371},
  publisher = {Springer}
}

@INPROCEEDINGS{inapp_BCFKTVV99,
  author = {Borgs, Christian and Chayex, Jennifer T. and Kim, Jeong Han and Frieze,
	Alan and Tetali, Prasad and Vigoda, Eric and Vu, Van Ha},
  title = {Torpid Mixing of Some Monte Carlo Markov Chain Algorithms in Statistical
	Physics},
  booktitle = {Proceedings of the 40th Annual Symposium on Foundations of Computer
	Science},
  year = {1999},
  series = {FOCS '99},
  pages = {218--},
  address = {Washington, DC, USA},
  publisher = {IEEE Computer Society},
  acmid = {796518},
  isbn = {0-7695-0409-4},
  url = {http://dl.acm.org/citation.cfm?id=795665.796518}
}

@ARTICLE{fibo-approx,
  author = {Pinyan Lu and Menghui Wang and Chihao Zhang},
  title = {{FPTAS} for Weighted Fibonacci Gates and Its Applications},
  journal = {Submitted to SODA 2014}
}

@BOOK{Matrixbook,
  title = {Combinatorial Matrix Theory},
  publisher = {Cambridge University Press},
  year = {1991},
  author = {R. A. Brualdi and H. J. Ryser}
}

@INPROCEEDINGS{BD97,
  author = {Bubley, R. and Dyer, M.},
  title = {Path coupling: A technique for proving rapid mixing in Markov chains},
  booktitle = {Proceedings of the 38th Annual Symposium on Foundations of Computer
	Science},
  year = {1997},
  series = {FOCS '97},
  pages = {223--},
  address = {Washington, DC, USA},
  publisher = {IEEE Computer Society},
  acmid = {796353},
  isbn = {0-8186-8197-7},
  url = {http://portal.acm.org/citation.cfm?id=795663.796353}
}

@INPROCEEDINGS{Bulatov08,
  author = {Andrei A. Bulatov},
  title = {The Complexity of the Counting Constraint Satisfaction Problem},
  booktitle = {Proceedings of the 35th International Colloquium on Automata, Languages
	and Programming, Part I},
  year = {2008},
  series = {ICALP '08},
  pages = {646--661},
  address = {Berlin, Heidelberg},
  publisher = {Springer-Verlag},
  acmid = {1427963},
  doi = {10.1007/978-3-540-70575-8_53},
  isbn = {978-3-540-70574-1},
  location = {Reykjavik, Iceland},
  numpages = {16},
  url = {http://dl.acm.org/citation.cfm?id=1427895.1427963}
}

@ARTICLE{Bulatov06,
  author = {Andrei A. Bulatov},
  title = {A dichotomy theorem for constraint satisfaction problems on a 3-element
	set},
  journal = {Journal of the ACM},
  year = {2006},
  volume = {53},
  pages = {66-120},
  number = {1},
  bibsource = {DBLP, http://dblp.uni-trier.de},
  ee = {http://doi.acm.org/10.1145/1120582.1120584}
}

@ARTICLE{BulatovD03,
  author = {Bulatov, Andrei A. and Dalmau, V\'{\i}ctor},
  title = {Towards a dichotomy theorem for the counting constraint satisfaction
	problem},
  journal = {Journal of Information and Computation},
  year = {2007},
  volume = {205},
  pages = {651--678},
  month = {May},
  acmid = {1238219},
  address = {Duluth, MN, USA},
  doi = {10.1016/j.ic.2006.09.005},
  issn = {0890-5401},
  issue = {5},
  keywords = {Complexity, Constraint satisfaction problem, Counting problems},
  numpages = {28},
  publisher = {Academic Press, Inc.},
  url = {http://dl.acm.org/citation.cfm?id=1238138.1238219}
}

@ARTICLE{BulatovG05,
  author = {Andrei A. Bulatov and Martin Grohe},
  title = {The complexity of partition functions},
  journal = {Theoretical Computer Science},
  year = {2005},
  volume = {348},
  pages = {148-186},
  number = {2-3},
  bibsource = {DBLP, http://dblp.uni-trier.de},
  ee = {http://dx.doi.org/10.1016/j.tcs.2005.09.011}
}

@ARTICLE{BulatovJK05,
  author = {Andrei A. Bulatov and Peter Jeavons and Andrei A. Krokhin},
  title = {Classifying the Complexity of Constraints Using Finite Algebras},
  journal = {SIAM Journal on Computing},
  year = {2005},
  volume = {34},
  pages = {720-742},
  number = {3},
  bibsource = {DBLP, http://dblp.uni-trier.de},
  ee = {http://dx.doi.org/10.1137/S0097539700376676}
}

@ARTICLE{BulatovDalmau,
  author = {A.A. Bulatov and V. Dalmau},
  title = {Towards a dichotomy theorem for the counting constraint satisfaction
	problem},
  journal = {Information and Computation},
  year = {2007},
  volume = {205},
  pages = {651--678},
  number = {5}
}

@ARTICLE{BulatovDalmau2,
  author = {A.A. Bulatov and V. Dalmau},
  title = {A simple algorithm for {Mal'tsev} constraints},
  journal = {SIAM Journal on Computing},
  year = {2006},
  volume = {36},
  pages = {16--27},
  number = {1}
}

@ARTICLE{Rational,
  author = {A.A. Bulatov and M.E. Dyer and L.A. Goldberg and M. Jalsenius and
	M.R Jerrum and D. Richerby},
  title = {The complexity of weighted and unweighted \#{CSP}},
  journal = {arXiv:1005.2678},
  year = {2010}
}

@ARTICLE{CSP-real,
  author = {Bulatov, A. and Dyer, M. and Goldberg, L.A. and Jalsenius, M. and
	Richerby, D.},
  title = {The Complexity of Weighted Boolean \#{CSP} with Mixed Signs},
  journal = {Theoretical Computer Science},
  year = {2009},
  volume = {410},
  pages = {3949--3961},
  number = {38-40}
}

@INPROCEEDINGS{BulatovJeavons,
  author = {A.A. Bulatov and P. Jeavons},
  title = {An Algebraic Approach to Multi-sorted Constraints},
  booktitle = {Proceedings of 9th International Conference on Principles and Practice
	of Constraint Programming},
  year = {2003}
}

@INCOLLECTION{BulatovSurvey,
  author = {A.A Bulatov and M.A. Valeriote},
  title = {Recent Results on the Algebraic Approach to the {CSP}},
  booktitle = {Complexity of Constraints},
  publisher = {Springer-Verlag},
  year = {2008},
  editor = {N. Creignou and P.G. Kolaitis and H. Vollmer},
  pages = {68--92}
}

@BOOK{universal,
  title = {A course in universal algebra},
  publisher = {Springer-Verlag, New York-Berlin},
  year = {1981},
  author = {S. Burris and H.P. Sankappanavar},
  volume = {78 of Graduate Texts in Mathematics}
}

@ARTICLE{<http://dblp.uni-trier.de/db/about/bibtex.html>CCL09,
  author = {Jin-yi Cai and Xi Chen and Pinyan Lu},
  title = {Graph Homomorphisms with Complex Values: A Dichotomy Theorem},
  journal = {CoRR},
  year = {2009},
  volume = {abs/0903.4728},
  bibsource = {DBLP, http://dblp.uni-trier.de},
  ee = {http://arxiv.org/abs/0903.4728}
}

@ARTICLE{MTensors07,
  author = {Jin-yi Cai and Vinay Choudhary},
  title = {Valiant's Holant Theorem and matchgate tensors},
  journal = {Theor. Comput. Sci.},
  year = {2007},
  volume = {384},
  pages = {22-32},
  number = {1},
  bibsource = {DBLP, http://dblp.uni-trier.de},
  ee = {http://dx.doi.org/10.1016/j.tcs.2007.05.015}
}

@INPROCEEDINGS{CaiChen,
  author = {Jin-Yi Cai and Xi Chen},
  title = {A Decidable Dichotomy Theorem on Directed Graph Homomorphisms with
	Non-negative Weights},
  booktitle = {Proceedings of the 51st Annual IEEE Symposium on Foundations of Computer
	Science},
  year = {2010},
  series = {FOCS '10}
}

@INPROCEEDINGS{ccl-csp,
  author = {Cai, Jin-Yi and Chen, Xi and Lu, Pinyan},
  title = {Non-negatively Weighted \#CSP: An Effective Complexity Dichotomy},
  booktitle = {Proceedings of the 2011 IEEE 26th Annual Conference on Computational
	Complexity},
  year = {2011},
  series = {CCC '11},
  pages = {45--54},
  address = {Washington, DC, USA},
  publisher = {IEEE Computer Society},
  acmid = {2014049},
  doi = {http://dx.doi.org/10.1109/CCC.2011.32},
  isbn = {978-0-7695-4411-3},
  numpages = {10},
  url = {http://dx.doi.org/10.1109/CCC.2011.32}
}

@ARTICLE{CaiC07-holant,
  author = {Jin-Yi Cai and Vinay Choudhary},
  title = {Valiant's Holant Theorem and matchgate tensors},
  journal = {Theoretical Computer Science},
  year = {2007},
  volume = {384},
  pages = {22-32},
  number = {1},
  bibsource = {DBLP, http://dblp.uni-trier.de},
  ee = {http://dx.doi.org/10.1016/j.tcs.2007.05.015}
}

@ARTICLE{MGI,
  author = {Jin-Yi Cai and Vinay Choudhary and Pinyan Lu},
  title = {On the Theory of Matchgate Computations},
  journal = {Theory of Computing Systems},
  year = {2009},
  volume = {45},
  pages = {108-132},
  number = {1},
  bibsource = {DBLP, http://dblp.uni-trier.de},
  ee = {http://dx.doi.org/10.1007/s00224-007-9092-8}
}

@ARTICLE{STOC07,
  author = {Jin-Yi Cai and Pinyan Lu},
  title = {Holographic algorithms: From art to science},
  journal = {Journal of Computer and System Sciences},
  year = {2011},
  volume = {77},
  pages = {41-61},
  number = {1},
  bibsource = {DBLP, http://dblp.uni-trier.de},
  ee = {http://dx.doi.org/10.1016/j.jcss.2010.06.005}
}

@ARTICLE{STACS07,
  author = {Jin-Yi Cai and Pinyan Lu},
  title = {On Symmetric Signatures in Holographic Algorithms},
  journal = {Theory of Computing Systems},
  year = {2010},
  volume = {46},
  pages = {398-415},
  number = {3},
  bibsource = {DBLP, http://dblp.uni-trier.de},
  ee = {http://dx.doi.org/10.1007/s00224-009-9229-z}
}

@ARTICLE{ICALP07,
  author = {Jin-Yi Cai and Pinyan Lu},
  title = {Holographic algorithms: The power of dimensionality resolved},
  journal = {Theoretical Computer Science},
  year = {2009},
  volume = {410},
  pages = {1618-1628},
  number = {18},
  bibsource = {DBLP, http://dblp.uni-trier.de},
  ee = {http://dx.doi.org/10.1016/j.tcs.2008.12.047}
}

@ARTICLE{BASES,
  author = {Jin-Yi Cai and Pinyan Lu},
  title = {Basis Collapse in Holographic Algorithms},
  journal = {Computational Complexity},
  year = {2008},
  volume = {17},
  pages = {254-281},
  number = {2},
  bibsource = {DBLP, http://dblp.uni-trier.de},
  ee = {http://dx.doi.org/10.1007/s00037-008-0249-x}
}

@INPROCEEDINGS{SODA08,
  author = {Jin-Yi Cai and Pinyan Lu},
  title = {Holographic algorithms with unsymmetric signatures},
  booktitle = {Proceedings of the nineteenth annual ACM-SIAM symposium on Discrete
	algorithms},
  year = {2008},
  series = {SODA '08},
  pages = {54--63},
  address = {Philadelphia, PA, USA},
  publisher = {Society for Industrial and Applied Mathematics},
  location = {San Francisco, California}
}



@article{holant,
  author    = {Jin-Yi Cai and
               Pinyan Lu and
               Mingji Xia},
  title     = {Computational Complexity of Holant Problems},
  journal   = {SIAM J. Comput.},
  volume    = {40},
  number    = {4},
  year      = {2011},
  pages     = {1101-1132},
  ee        = {http://dx.doi.org/10.1137/100814585},
  bibsource = {DBLP, http://dblp.uni-trier.de}
}


@INPROCEEDINGS{SODA11,
  author = {Jin-Yi Cai and Pinyan Lu and Mingji Xia},
  title = {Dichotomy for Holant$^*$ Problems of Boolean Domain},
  booktitle = {Proceedings of the nineteenth annual ACM-SIAM symposium on Discrete
	algorithms},
  year = {2011},
  series = {SODA '11}
}

@INPROCEEDINGS{planar,
  author = {Cai, Jin-Yi and Lu, Pinyan and Xia, Mingji},
  title = {Holographic Algorithms with Matchgates Capture Precisely Tractable
	Planar_\#CSP},
  booktitle = {Proceedings of the 2010 IEEE 51st Annual Symposium on Foundations
	of Computer Science},
  year = {2010},
  series = {FOCS '10},
  pages = {427--436},
  address = {Washington, DC, USA},
  publisher = {IEEE Computer Society},
  acmid = {1918319},
  doi = {http://dx.doi.org/10.1109/FOCS.2010.48},
  isbn = {978-0-7695-4244-7},
  numpages = {10},
  url = {http://dx.doi.org/10.1109/FOCS.2010.48}
}

@INPROCEEDINGS{STOC09,
  author = {Cai, Jin-Yi and Lu, Pinyan and Xia, Mingji},
  title = {Holant problems and counting {CSP}},
  booktitle = {Proceedings of the 41st annual ACM symposium on Theory of computing},
  year = {2009},
  series = {STOC '09},
  pages = {715--724},
  address = {New York, NY, USA},
  publisher = {ACM},
  acmid = {1536511},
  doi = {http://doi.acm.org/10.1145/1536414.1536511},
  isbn = {978-1-60558-506-2},
  keywords = {CSP, holant problem, holographic reduction, polynomial interpolation},
  location = {Bethesda, MD, USA},
  numpages = {10},
  url = {http://doi.acm.org/10.1145/1536414.1536511}
}

@INPROCEEDINGS{FOCS08,
  author = {Jin-Yi Cai and Pinyan Lu and Mingji Xia},
  title = {Holographic Algorithms by Fibonacci Gates and Holographic Reductions
	for Hardness},
  booktitle = {Proceedings of the 49th Annual IEEE Symposium on Foundations of Computer
	Science},
  year = {2008},
  series = {FOCS '08},
  address = {Washington, DC, USA},
  publisher = {IEEE Computer Society}
}

@ARTICLE{Cayley54,
  author = {A. Cayley},
  title = {Sur les d\'eterminates gauches},
  journal = {Crelle's J.},
  year = {1854},
  pages = {38-93}
}

@ARTICLE{ELIDRISSI94,
  author = {{Chafik El Idrissi}, M. and {Roney}, A. and {Frigon}, C. and {Larzilli{\`e}re},
	M.},
  title = {Measurements of total kinetic-energy released to the {$N=2$} dissociation
	limit of {H}$_2$ --- evidence of the dissociation of very high vibrational
	{R}ydberg states of {H}$_2$ by doubly-excited states},
  journal = {Chemical Physics Letters},
  year = {1994},
  volume = {224},
  pages = {260-266},
  number = {10}
}

@ARTICLE{Cipra2000,
  author = {Barry A. Cipra},
  title = {{The Ising model is {NP}-complete}},
  journal = {SIAM News},
  year = {2000},
  volume = {33},
  number = {6}
}

@TECHREPORT{CB05,
  author = {Matthew Cook and Jehoshua Bruck},
  title = {Implementability among predicates},
  institution = {California Institute of Technology},
  year = {2005}
}

@INPROCEEDINGS{Cook71,
  author = {Cook, Stephen A.},
  title = {The complexity of theorem-proving procedures},
  booktitle = {Proceedings of the third annual ACM symposium on Theory of computing},
  year = {1971},
  series = {STOC '71},
  pages = {151--158},
  address = {New York, NY, USA},
  publisher = {ACM},
  acmid = {805047},
  doi = {http://doi.acm.org/10.1145/800157.805047},
  location = {Shaker Heights, Ohio, United States},
  numpages = {8},
  url = {http://doi.acm.org/10.1145/800157.805047}
}

@ARTICLE{inapp_CDF01,
  author = {Colin Cooper and Martin E. Dyer and Alan M. Frieze},
  title = {On Markov Chains for Randomly H-Coloring a Graph},
  journal = {Journal of Algorithms},
  year = {2001},
  volume = {39},
  pages = {117-134},
  number = {1},
  bibsource = {DBLP, http://dblp.uni-trier.de},
  ee = {http://dx.doi.org/10.1006/jagm.2000.1142}
}

@ARTICLE{CreignouH96,
  author = {Nadia Creignou and Miki Hermann},
  title = {Complexity of Generalized Satisfiability Counting Problems},
  journal = {Information and Computation},
  year = {1996},
  volume = {125},
  pages = {1-12},
  number = {1},
  bibsource = {DBLP, http://dblp.uni-trier.de}
}

@BOOK{CSPbook,
  title = {Complexity classifications of boolean constraint satisfaction problems},
  publisher = {SIAM Monographs on Discrete Mathematics and Applications},
  year = {2001},
  author = {N. Creignou and S. Khanna and M. Sudan}
}

@ARTICLE{DagumL92,
  author = {P. Dagum and M. Luby},
  title = {Approximating the permanent of graphs with large factors},
  journal = {Theor. Comput. Sci.},
  year = {1992},
  volume = {102},
  pages = {283-305}
}

@ARTICLE{Dob70,
  author = {R. L. Dobrushin},
  title = {Prescribing a system of random variables by the help of conditional
	distributions},
  journal = {Theory of Probability and its Applications},
  year = {1970},
  volume = {15},
  pages = {469-497}
}

@BOOK{dodson,
  title = {Tensor Geometry},
  publisher = {Springer-Verlag},
  year = {1991},
  author = {C.~T.~J.~Dodson and T.~Poston},
  series = {Graduate Texts in Mathematics 130},
  address = {New York}
}

@ARTICLE{DGP06,
  author = {Dyer, Martin and Goldberg, Leslie Ann and Paterson, Mike},
  title = {On counting homomorphisms to directed acyclic graphs},
  journal = {Journal of the ACM},
  year = {2007},
  volume = {54},
  month = {December},
  acmid = {1314691},
  address = {New York, NY, USA},
  articleno = {27},
  doi = {http://doi.acm.org/10.1145/1314690.1314691},
  issn = {0004-5411},
  issue = {6},
  keywords = {Counting, directed acyclic graphs, homomorphisms},
  publisher = {ACM},
  url = {http://doi.acm.org/10.1145/1314690.1314691}
}

@INPROCEEDINGS{DyerG00,
  author = {M.E. Dyer and C. Greenhill},
  title = {The complexity of counting graph homomorphisms},
  booktitle = {Proceedings of the 9th International Conference on Random Structures
	and Algorithms},
  year = {2000},
  pages = {260--289}
}

@INPROCEEDINGS{MC_DG99,
  author = {Martin Dyer and Catherine Greenhill},
  title = {Random walks on combinatorial objects},
  booktitle = {Surveys in Combinatorics 1999},
  year = {1999},
  pages = {101--136},
  publisher = {University Press}
}

@INCOLLECTION{app_DJV01,
  author = {Dyer, Martin and Jerrum, Mark and Vigoda, Eric},
  title = {Rapidly mixing Markov chains for dismantleable constraint graphs},
  booktitle = {Randomization and Approximation Techniques in Computer Science},
  publisher = {Springer},
  year = {2002},
  pages = {68--77}
}

@INPROCEEDINGS{Dyer-Rich2,
  author = {M.E. Dyer and D.M. Richerby},
  title = {The \#{CSP} Dichotomy is Decidable},
  booktitle = {Proceedings of the 28th Symposium on Theoretical Aspects of Computer
	Science},
  year = {2011},
  series = {STACS '11}
}

@ARTICLE{DR10,
  author = {Martin Dyer and David Richerby},
  title = {On the Complexity of \#{CSP}},
  journal = {Proceedings of the 42nd ACM symposium on Theory of computing },
  year = {2010},
  series = {STOC '10}
}

@INPROCEEDINGS{Dyer-Rich,
  author = {M.E. Dyer and D.M. Richerby},
  title = {On the complexity of \#{CSP}},
  booktitle = {Proceedings of the 42nd ACM symposium on Theory of computing},
  year = {2010},
  series = {STOC '10},
  pages = {725--734}
}

@ARTICLE{Dyer-Rich3,
  author = {M.E. Dyer and D.M. Richerby},
  title = {An Effective Dichotomy for the Counting Constraint Satisfaction Problem},
  journal = {arXiv:1003.3879},
  year = {2010}
}

@ARTICLE{DSVW04,
  author = {Martin Dyer and Alistair Sinclair and Eric Vigoda and Dror Weitz},
  title = {Mixing in time and space for lattice spin systems: A combinatorial
	view},
  journal = {Random Struct. Algorithms},
  year = {2004},
  volume = {24},
  pages = {461-479},
  number = {4}
}

@ARTICLE{col_DFFV06,
  author = {Martin E. Dyer and Abraham D. Flaxman and Alan M. Frieze and Eric
	Vigoda},
  title = {Randomly coloring sparse random graphs with fewer colors than the
	maximum degree},
  journal = {Random Struct. Algorithms},
  year = {2006},
  volume = {29},
  pages = {450-465},
  number = {4},
  bibsource = {DBLP, http://dblp.uni-trier.de},
  ee = {http://dx.doi.org/10.1002/rsa.20129}
}

@ARTICLE{col_DF03,
  author = {Martin E. Dyer and Alan M. Frieze},
  title = {Randomly coloring graphs with lower bounds on girth and maximum degree},
  journal = {Random Struct. Algorithms},
  year = {2003},
  volume = {23},
  pages = {167-179},
  number = {2},
  bibsource = {DBLP, http://dblp.uni-trier.de},
  ee = {http://dx.doi.org/10.1002/rsa.10087}
}

@INPROCEEDINGS{col_DFHV04,
  author = {Martin E. Dyer and Alan M. Frieze and Thomas P. Hayes and Eric Vigoda},
  title = {Randomly Coloring Constant Degree Graphs},
  booktitle = {Proceedings of FOCS},
  year = {2004},
  pages = {582-589}
}

@ARTICLE{IS_DFJ02,
  author = {Martin E. Dyer and Alan M. Frieze and Mark Jerrum},
  title = {On Counting Independent Sets in Sparse Graphs},
  journal = {SIAM Jounal on Computing},
  year = {2002},
  volume = {31},
  pages = {1527-1541},
  number = {5},
  bibsource = {DBLP, http://dblp.uni-trier.de},
  ee = {http://epubs.siam.org/sam-bin/dbq/article/38384}
}

@ARTICLE{dicho_DGJ10,
  author = {Martin E. Dyer and Leslie Ann Goldberg and Mark Jerrum},
  title = {An approximation trichotomy for Boolean \#CSP},
  journal = {Journal of Computer and System Sciences},
  year = {2010},
  volume = {76},
  pages = {267-277},
  number = {3-4},
  bibsource = {DBLP, http://dblp.uni-trier.de},
  ee = {http://dx.doi.org/10.1016/j.jcss.2009.08.003}
}

@ARTICLE{DyerGJ10,
  author = {Martin E. Dyer and Leslie Ann Goldberg and Mark Jerrum},
  title = {A Complexity Dichotomy For Hypergraph Partition Functions},
  journal = {Computational Complexity},
  year = {2010},
  volume = {19},
  pages = {605-633},
  number = {4},
  bibsource = {DBLP, http://dblp.uni-trier.de},
  ee = {http://dx.doi.org/10.1007/s00037-010-0300-6}
}

@ARTICLE{weightedCSP,
  author = {Martin E. Dyer and Leslie Ann Goldberg and Mark Jerrum},
  title = {The Complexity of Weighted Boolean \#{CSP}},
  journal = {CoRR},
  year = {2007},
  volume = {abs/0704.3683},
  bibsource = {DBLP, http://dblp.uni-trier.de},
  ee = {http://arxiv.org/abs/0704.3683}
}

@ARTICLE{samp_DGJ04,
  author = {Martin E. Dyer and Leslie Ann Goldberg and Mark Jerrum},
  title = {Counting and sampling H-colourings},
  journal = {Information and Computation},
  year = {2004},
  volume = {189},
  pages = {1-16},
  number = {1},
  bibsource = {DBLP, http://dblp.uni-trier.de},
  ee = {http://dx.doi.org/10.1016/j.ic.2003.09.001}
}

@ARTICLE{acyclic,
  author = {Martin E. Dyer and Leslie Ann Goldberg and Mike Paterson},
  title = {On counting homomorphisms to directed acyclic graphs},
  journal = {Journal of the ACM},
  year = {2007},
  volume = {54},
  number = {6},
  bibsource = {DBLP, http://dblp.uni-trier.de},
  ee = {http://doi.acm.org/10.1145/1314690.1314691}
}

@ARTICLE{DyerG04,
  author = {Martin E. Dyer and Catherine S. Greenhill},
  title = {Corrigendum: The complexity of counting graph homomorphisms},
  journal = {Random Struct. Algorithms},
  year = {2004},
  volume = {25},
  pages = {346-352},
  number = {3},
  bibsource = {DBLP, http://dblp.uni-trier.de},
  ee = {http://dx.doi.org/10.1002/rsa.20036}
}

@ARTICLE{IS_DG00,
  author = {Martin E. Dyer and Catherine S. Greenhill},
  title = {On Markov Chains for Independent Sets},
  journal = {Journal of Algorithms},
  year = {2000},
  volume = {35},
  pages = {17-49},
  number = {1},
  bibsource = {DBLP, http://dblp.uni-trier.de}
}

@ARTICLE{col_DGM02,
  author = {Martin E. Dyer and Catherine S. Greenhill and Michael Molloy},
  title = {Very rapid mixing of the Glauber dynamics for proper colorings on
	bounded-degree graphs},
  journal = {Random Struct. Algorithms},
  year = {2002},
  volume = {20},
  pages = {98-114},
  number = {1},
  bibsource = {DBLP, http://dblp.uni-trier.de}
}

@ARTICLE{Edmonds1965,
  author = {Jack Edmonds},
  title = {Maximum Matching and a Polyhedron with $0,1$ Vertices},
  journal = {J. of Res. the Nat. Bureau of Standards},
  year = {1965},
  volume = {69~B},
  pages = {125--130}
}

@ARTICLE{Faben08,
  author = {John Faben},
  title = {The complexity of counting solutions to Generalised Satisfiability
	Problems modulo k},
  journal = {CoRR},
  year = {2008},
  volume = {abs/0809.1836}
}

@ARTICLE{Feder99,
  author = {Feder, T. and Vardi, M.Y.},
  title = {{The computational structure of monotone monadic SNP and constraint
	satisfaction: A study through Datalog and group theory}},
  journal = {SIAM Journal on Computing},
  year = {1999},
  volume = {28},
  pages = {57--104},
  number = {1},
  publisher = {Citeseer}
}

@ARTICLE{freedman-l-s,
  author = {M. Freedman and L. Lov\'{a}sz and A. Schrijver},
  title = {Reflection positivity, rank connectivity, and homomorphism of graphs},
  journal = {J. AMS},
  year = {2007},
  volume = {20},
  pages = {37-51}
}

@BOOK{FreeseMcKenzie,
  title = {Commutator Theory for Congruence Modular Varieties},
  publisher = {Cambridge University Press},
  year = {1987},
  author = {R. Freese and R. McKenzie}
}

@INPROCEEDINGS{GGSVY11,
  author = {Andreas Galanis and Qi Ge and Daniel {\v{S}}tefankovi{\v{c}} and
	Eric Vigoda and Linji Yang},
  title = {Improved Inapproximability Results for Counting Independent Sets
	in the Hard-Core Model},
  booktitle = {The 15th International Workshop on Randomization and Computation
	},
  year = {2011},
  series = {RANDOM '11}
}

@INPROCEEDINGS{inapp_GR07,
  author = {Galvin, David and Randall, Dana},
  title = {Torpid mixing of local Markov chains on 3-colorings of the discrete
	torus},
  booktitle = {Proceedings of the eighteenth annual ACM-SIAM symposium on Discrete
	algorithms},
  year = {2007},
  series = {SODA '07},
  pages = {376--384},
  address = {Philadelphia, PA, USA},
  publisher = {Society for Industrial and Applied Mathematics},
  acmid = {1283423},
  isbn = {978-0-898716-24-5},
  location = {New Orleans, Louisiana},
  numpages = {9},
  url = {http://portal.acm.org/citation.cfm?id=1283383.1283423}
}

@INPROCEEDINGS{inapp_GT04,
  author = {Galvin, David and Tetali, Prasad},
  title = {Slow mixing of Glauber dynamics for the hard-core model on the hypercube},
  booktitle = {Proceedings of the fifteenth annual ACM-SIAM symposium on Discrete
	algorithms},
  year = {2004},
  series = {SODA '04},
  pages = {466--467},
  address = {Philadelphia, PA, USA},
  publisher = {Society for Industrial and Applied Mathematics},
  acmid = {982858},
  isbn = {0-89871-558-X},
  location = {New Orleans, Louisiana},
  numpages = {2},
  url = {http://portal.acm.org/citation.cfm?id=982792.982858}
}

@ARTICLE{GK07,
  author = {Gamarnik, David and Katz, Dmitriy},
  title = {Correlation decay and deterministic FPTAS for counting colorings
	of a graph},
  journal = {Journal of Discrete Algorithms},
  year = {2012},
  volume = {12},
  pages = {29--47},
  publisher = {Elsevier}
}

@ARTICLE{gamarnik2012strong,
  author = {Gamarnik, David and Katz, Dmitry and Misra, Sidhant},
  title = {Strong spatial mixing for list coloring of graphs},
  journal = {arXiv preprint arXiv:1207.1223},
  year = {2012}
}

@BOOK{Georgii88,
  title = {Gibbs measures and phase transitions},
  publisher = {Walter de Gruyter},
  year = {1988},
  author = {Hans-Otto Georgii},
  address = {Berlin},
  isbn = {0-89925-462-4}
}

@ARTICLE{GGJT09,
  author = {Leslie Ann Goldberg and Martin Grohe and Mark Jerrum and Marc Thurley},
  title = {A Complexity Dichotomy for Partition Functions with Mixed Signs},
  journal = {SIAM Journal on Computing},
  year = {2010},
  volume = {39},
  pages = {3336-3402},
  number = {7},
  bibsource = {DBLP, http://dblp.uni-trier.de},
  ee = {http://dx.doi.org/10.1137/090757496}
}

@ARTICLE{GJGT,
  author = {Leslie Ann Goldberg and Martin Grohe and Mark Jerrum and Marc Thurley},
  title = {A complexity dichotomy for partition functions with mixed signs},
  journal = {CoRR},
  year = {2008},
  volume = {abs/0804.1932},
  bibsource = {DBLP, http://dblp.uni-trier.de},
  ee = {http://arxiv.org/abs/0804.1932}
}

@ARTICLE{goldberg2012approximating,
  author = {Goldberg, Leslie Ann and Jerrum, Mark},
  title = {Approximating the partition function of the ferromagnetic potts model},
  journal = {Journal of the ACM},
  year = {2012},
  volume = {59},
  pages = {25},
  number = {5},
  publisher = {ACM}
}

@INPROCEEDINGS{app_GJ11,
  author = {Leslie Ann Goldberg and Mark Jerrum},
  title = {A Polynomial-Time Algorithm for Estimating the Partition Function
	of the Ferromagnetic Ising Model on a Regular Matroid},
  booktitle = {Proceedings of ICALP},
  year = {2011},
  pages = {521-532}
}

@INPROCEEDINGS{inapp_GJ10,
  author = {Goldberg, Leslie Ann and Jerrum, Mark},
  title = {Approximating the partition function of the ferromagnetic Potts model},
  booktitle = {Proceedings of the 37th international colloquium conference on Automata,
	languages and programming},
  year = {2010},
  series = {ICALP '10},
  pages = {396--407},
  address = {Berlin, Heidelberg},
  publisher = {Springer-Verlag},
  acmid = {1880962},
  isbn = {3-642-14164-1, 978-3-642-14164-5},
  location = {Bordeaux, France},
  numpages = {12},
  url = {http://portal.acm.org/citation.cfm?id=1880918.1880962}
}

@ARTICLE{inapp_GJ09,
  author = {Leslie Ann Goldberg and Mark Jerrum},
  title = {Inapproximability of the Tutte polynomial of a planar graph},
  journal = {CoRR},
  year = {2009},
  volume = {abs/0907.1724},
  bibsource = {DBLP, http://dblp.uni-trier.de},
  ee = {http://arxiv.org/abs/0907.1724}
}

@INPROCEEDINGS{inapp_GJ07,
  author = {Goldberg, Leslie Ann and Jerrum, Mark},
  title = {Inapproximability of the Tutte polynomial},
  booktitle = {Proceedings of the thirty-ninth annual ACM symposium on Theory of
	computing},
  year = {2007},
  series = {STOC '07},
  pages = {459--468},
  address = {New York, NY, USA},
  publisher = {ACM},
  acmid = {1250858},
  doi = {http://doi.acm.org/10.1145/1250790.1250858},
  isbn = {978-1-59593-631-8},
  keywords = {Tutte polynomial, approximation, complexity},
  location = {San Diego, California, USA},
  numpages = {10},
  url = {http://doi.acm.org/10.1145/1250790.1250858}
}

@ARTICLE{col_GJK10,
  author = {Leslie Ann Goldberg and Mark Jerrum and Marek Karpinski},
  title = {The mixing time of Glauber dynamics for coloring regular trees},
  journal = {Random Struct. Algorithms},
  year = {2010},
  volume = {36},
  pages = {464-476},
  number = {4}
}

@ARTICLE{GJP03,
  author = {Leslie Ann Goldberg and Mark Jerrum and Mike Paterson},
  title = {The computational complexity of two-state spin systems},
  journal = {Random Structures \& Algorithms},
  year = {2003},
  volume = {23},
  pages = {133-154},
  number = {2}
}

@ARTICLE{goldberg2005strong,
  author = {Goldberg, L.A. and Martin, R. and Paterson, M.},
  title = {Strong spatial mixing with fewer colors for lattice graphs},
  journal = {SIAM Journal on Computing},
  year = {2005},
  volume = {35},
  pages = {486},
  number = {2},
  publisher = {SIAM SOCIETY FOR INDUSTRIAL AND APPLIED}
}

@BOOK{companion,
  title = {The {\LaTeX} Companion},
  publisher = {Addison-Wesley Publishing Company},
  year = {1994},
  author = {Michel Goosens and Frank Mittelbach and Alexander Samarin},
  pages = {112--125},
  address = {Reading, MA}
}

@ARTICLE{GKM10,
  author = {Parikshit Gopalan and Adam Klivans and Raghu Meka},
  title = {Polynomial-Time Approximation Schemes for Knapsack and Related Counting
	Problems using Branching Programs},
  journal = {CoRR},
  year = {2010},
  volume = {abs/1008.3187},
  bibsource = {DBLP, http://dblp.uni-trier.de},
  ee = {http://arxiv.org/abs/1008.3187}
}

@ARTICLE{parity,
  author = {Heng Guo and Pinyan Lu and Leslie Valiant},
  title = {A Dichotomy Theorem for Parity Holant Problems},
  journal = {to appear in ICALP},
  year = {2011}
}

@BOOK{hartshorne1977algebraic,
  title = {{Algebraic geometry}},
  publisher = {springer Verlag},
  year = {1977},
  author = {Hartshorne, R.}
}

@INPROCEEDINGS{col_Hayes03,
  author = {Thomas P. Hayes},
  title = {Randomly coloring graphs of girth at least five},
  booktitle = {Proceedings of STOC},
  year = {2003},
  pages = {269-278}
}

@INPROCEEDINGS{HS05,
  author = {Thomas P. Hayes and Alistair Sinclair},
  title = {A general lower bound for mixing of single-site dynamics on graphs},
  booktitle = {Proceedings of FOCS},
  year = {2005},
  pages = {511-520}
}

@INPROCEEDINGS{col_HVV07,
  author = {Hayes, Thomas P. and Vera, Juan C. and Vigoda, Eric},
  title = {Randomly coloring planar graphs with fewer colors than the maximum
	degree},
  booktitle = {Proceedings of the thirty-ninth annual ACM symposium on Theory of
	computing},
  year = {2007},
  series = {STOC '07},
  pages = {450--458},
  address = {New York, NY, USA},
  publisher = {ACM},
  acmid = {1250857},
  doi = {http://doi.acm.org/10.1145/1250790.1250857},
  isbn = {978-1-59593-631-8},
  keywords = {Markov chain Monte Carlo (MCMC), coupling, graph coloring, planar
	graphs},
  location = {San Diego, California, USA},
  numpages = {9},
  url = {http://doi.acm.org/10.1145/1250790.1250857}
}

@INPROCEEDINGS{col_HV03,
  author = {Hayes, Thomas P. and Vigoda, Eric},
  title = {A Non-Markovian Coupling for Randomly Sampling Colorings},
  booktitle = {Proceedings of the 44th Annual IEEE Symposium on Foundations of Computer
	Science},
  year = {2003},
  series = {FOCS '03},
  pages = {618--},
  address = {Washington, DC, USA},
  publisher = {IEEE Computer Society},
  acmid = {946333},
  isbn = {0-7695-2040-5},
  url = {http://dl.acm.org/citation.cfm?id=946243.946333}
}

@ARTICLE{Hell,
  author = {P. Hell and J. Ne\v{s}et\v{r}il},
  title = {On the complexity of H-coloring},
  journal = {Journal of Combinatorial Theory, Series B},
  year = {1990},
  volume = {48},
  pages = {92--110},
  number = {1}
}

@BOOK{HobbyMcKenzie,
  title = {The Structure of Finite Algebras},
  publisher = {American Mathematical Society},
  year = {1988},
  author = {D. Hobby and R. McKenzie},
  volume = {76 of Contemporary Mathematics}
}

@BOOK{IEEE-1363,
  title = {{IEEE} Standard Specifications for Public-Key Cryptography},
  publisher = {IEEE},
  year = {2000},
  author = {{IEEE Std 1363-2000}},
  address = {New York}
}

@ARTICLE{ising1925beitrag,
  author = {Ising, E.},
  title = {{Beitrag zur theorie des ferromagnetismus}},
  journal = {Zeitschrift f{\"u}r Physik A Hadrons and Nuclei},
  year = {1925},
  volume = {31},
  pages = {253--258},
  number = {1},
  publisher = {Springer}
}

@INPROCEEDINGS{Istrail00,
  author = {Sorin Istrail},
  title = {Statistical mechanics, three-dimensionality and {NP}-completeness:
	I. Universality of intracatability for the partition function of
	the Ising model across non-planar surfaces (extended abstract)},
  booktitle = {STOC},
  year = {2000},
  pages = {87-96},
  bibsource = {DBLP, http://dblp.uni-trier.de},
  ee = {http://doi.acm.org/10.1145/335305.335316}
}

@ARTICLE{col_Jerrum95,
  author = {Mark Jerrum},
  title = {A Very Simple Algorithm for Estimating the Number of k-Colorings
	of a Low-Degree Graph},
  journal = {Random Structures \& Algorithms},
  year = {1995},
  volume = {7},
  pages = {157-166},
  number = {2},
  bibsource = {DBLP, http://dblp.uni-trier.de}
}

@INBOOK{MC_JA96,
  pages = {482--520},
  title = {The Markov chain Monte Carlo method: an approach to approximate counting
	and integration},
  publisher = {PWS Publishing Co.},
  year = {1997},
  author = {Jerrum, Mark and Sinclair, Alistair},
  address = {Boston, MA, USA},
  acmid = {241950},
  book = {Approximation algorithms for NP-hard problems},
  isbn = {0-534-94968-1},
  numpages = {39},
  url = {http://portal.acm.org/citation.cfm?id=241938.241950}
}

@ARTICLE{JS93,
  author = {Mark Jerrum and Alistair Sinclair},
  title = {Polynomial-Time Approximation Algorithms for the Ising Model},
  journal = {SIAM Journal on Computing},
  year = {1993},
  volume = {22},
  pages = {1087-1116},
  number = {5}
}

@article{McQuillan2013,
  author    = {Colin McQuillan},
  title     = {Approximating Holant problems by winding},
  journal   = {CoRR},
  volume    = {abs/1301.2880},
  year      = {2013},
  ee        = {http://arxiv.org/abs/1301.2880},
  bibsource = {DBLP, http://dblp.uni-trier.de}
}


@ARTICLE{app_JSV04,
  author = {Jerrum, Mark and Sinclair, Alistair and Vigoda, Eric},
  title = {A polynomial-time approximation algorithm for the permanent of a
	matrix with nonnegative entries},
  journal = {Journal of the ACM},
  year = {2004},
  volume = {51},
  pages = {671--697},
  month = {July},
  acmid = {1008738},
  address = {New York, NY, USA},
  doi = {http://doi.acm.org/10.1145/1008731.1008738},
  issn = {0004-5411},
  issue = {4},
  keywords = {Markov chain Monte Carlo, permanent of a matrix, rapidly mixing Markov
	chains},
  numpages = {27},
  publisher = {ACM},
  url = {http://doi.acm.org/10.1145/1008731.1008738}
}

@ARTICLE{samp_JVV86,
  author = {Jerrum, M R and Valiant, L G and Vazirani, V V},
  title = {Random generation of combinatorial structures from a uniform distribution},
  journal = {Theoretical Computer Science},
  year = {1986},
  volume = {43},
  pages = {169--188},
  month = {July},
  acmid = {11537},
  address = {Essex, UK},
  issn = {0304-3975},
  issue = {2-3},
  numpages = {20},
  publisher = {Elsevier Science Publishers Ltd.},
  url = {http://portal.acm.org/citation.cfm?id=11534.11537}
}

@inproceedings{gopalan2012dnf,
  title={DNF Sparsification and a faster deterministic counting algorithm},
  author={Gopalan, Parikshit and Meka, Raghu and Reingold, Omer},
  booktitle={Computational Complexity (CCC), 2012 IEEE 27th Annual Conference on},
  pages={126--135},
  year={2012},
  organization={IEEE}
}



@inproceedings{Trevisan04,
  author    = {Luca Trevisan},
  title     = {A Note on Approximate Counting for k-DNF},
  booktitle = {APPROX-RANDOM},
  year      = {2004},
  pages     = {417-426}
}



@article{KarpLM89,
  author    = {Richard M. Karp and
               Michael Luby and
               Neal Madras},
  title     = {Monte-Carlo Approximation Algorithms for Enumeration Problems},
  journal   = {J. Algorithms},
  volume    = {10},
  number    = {3},
  year      = {1989},
  pages     = {429-448},
  ee        = {http://dx.doi.org/10.1016/0196-6774(89)90038-2},
  bibsource = {DBLP, http://dblp.uni-trier.de}
}


@inproceedings{KarpL83,
  author    = {Richard M. Karp and
               Michael Luby},
  title     = {Monte-Carlo Algorithms for Enumeration and Reliability Problems},
  booktitle = {FOCS},
  year      = {1983},
  pages     = {56-64}
}

@proceedings{DBLP:conf/focs/FOCS24,
  title     = {24th Annual Symposium on Foundations of Computer Science,
               Tucson, Arizona, USA, 7-9 November 1983},
  booktitle = {FOCS},
  publisher = {IEEE Computer Society},
  year      = {1983},
  bibsource = {DBLP, http://dblp.uni-trier.de}
}



@INCOLLECTION{Karp72,
  author = {Karp, R. M. },
  title = {Reducibility Among Combinatorial Problems},
  booktitle = {Complexity of Computer Computations},
  publisher = {Plenum Press},
  year = {1972},
  editor = {Miller, R. E. and Thatcher, J. W. },
  pages = {85--103},
  citeulike-article-id = {1923170},
  keywords = {bibtex-import},
  posted-at = {2007-11-15 16:43:57},
  priority = {2}
}

@INCOLLECTION{Kasteleyn1967,
  author = {P. W. Kasteleyn },
  title = {Graph Theory and Crystal Physics},
  booktitle = {Graph Theory and Theoretical Physics},
  publisher = {Academic Press, London},
  year = {1967},
  editor = {(F. Harary},
  pages = {43-110}
}

@ARTICLE{Kasteleyn1961,
  author = {P. W. Kasteleyn},
  title = {The statistics of dimers on a lattice},
  journal = {Physica},
  year = {1961},
  volume = {27},
  pages = {1209--1225}
}

@PHDTHESIS{dicho_Kelk04,
  author = {Steven Kelk},
  title = {On the relative complexity of approximately counting H-colourings},
  year = {2004},
  publisher = {University of Warwick}
}

@ARTICLE{kelly1985stochastic,
  author = {Kelly, F.P.},
  title = {Stochastic models of computer communication systems},
  journal = {Journal of the Royal Statistical Society. Series B (Methodological)},
  year = {1985},
  volume = {47},
  pages = {379--395},
  number = {3},
  publisher = {JSTOR}
}

@BOOK{tex,
  title = {The {\TeX} Book},
  publisher = {Addison-Wesley Publishing Company},
  year = {1989},
  author = {Donald E. Knuth},
  address = {Reading, MA},
  edition = {15th}
}

@BOOK{Ko91,
  title = {Computational Complexity of Real Functions},
  publisher = {Birkhauser Boston},
  year = {1991},
  author = {K. Ko},
  address = {Boston, MA}
}

@BOOK{ko-book,
  title = {Complexity theory of real functions},
  publisher = {Birkhauser Boston Inc.},
  year = {1991},
  author = {Ker-I Ko},
  address = {Cambridge, MA, USA}
}

@INPROCEEDINGS{kocher99,
  author = {C. Kocher and J. Jaffe and B. Jun},
  title = {Differential Power Analysis},
  booktitle = {Advances in Cryptology ({CRYPTO}~'99)},
  year = {1999},
  editor = {M. Wiener},
  volume = {1666},
  series = {Lecture Notes in Computer Science},
  pages = {388-397},
  month = {August},
  publisher = {Springer-Verlag}
}

@ARTICLE{cai,
  author = {Michael Kowalczyk and Jin-Yi Cai},
  title = {Holant Problems for Regular Graphs with Complex Edge Functions},
  journal = {In the proceeding of STACS },
  year = {2010}
}

@ARTICLE{Kowalczyk2010,
  author = {Michael Kowalczyk and Jin-Yi Cai},
  title = {Holant Problems for Regular Graphs with Complex Edge Functions},
  journal = {In the proceeding of STACS },
  year = {2010}
}

@INCOLLECTION{Krasnogor2004e,
  author = {N. Krasnogor},
  title = {Towards robust memetic algorithms},
  booktitle = {Recent Advances in Memetic Algorithms},
  publisher = {Springer Berlin Heidelberg},
  year = {2004},
  editor = {W.E. Hart and N. Krasnogor and J.E. Smith},
  volume = {166},
  series = {Studies in Fuzziness and Soft Computing},
  pages = {185-207},
  address = {New York}
}

@INPROCEEDINGS{KR99,
  author = {Kumar, V. S. Anil and Ramesh, H.},
  title = {Markovian Coupling vs. Conductance for the Jerrum-Sinclair Chain},
  booktitle = {Proceedings of the 40th Annual Symposium on Foundations of Computer
	Science},
  year = {1999},
  series = {FOCS '99},
  pages = {241--},
  address = {Washington, DC, USA},
  publisher = {IEEE Computer Society},
  acmid = {796521},
  isbn = {0-7695-0409-4},
  keywords = {Markov Chain, Coupling, Conductance, Rapid mixing},
  url = {http://dl.acm.org/citation.cfm?id=795665.796521}
}

@ARTICLE{Lad75,
  author = {Richard E. Ladner},
  title = {On the Structure of Polynomial Time Reducibility},
  journal = {Journal of the ACM},
  year = {1975},
  volume = {22},
  pages = {155-171},
  number = {1}
}

@ARTICLE{lee1952statistical,
  author = {Lee, T.D. and Yang, C.N.},
  title = {{Statistical theory of equations of state and phase transitions.
	II. Lattice gas and Ising model}},
  journal = {Physical Review},
  year = {1952},
  volume = {87},
  pages = {410--419},
  number = {3},
  publisher = {APS}
}

@INPROCEEDINGS{LLY13,
  author = {Li, Liang and Lu, Pinyan and Yin, Yitong},
  title = {Correlation decay up to uniqueness in spin systems},
  booktitle = {Proceedings of SODA},
  year = {2013},
  pages = {67--84}
}

@INPROCEEDINGS{LY13,
  author = {Lu, Pinyan and Yin, Yitong},
  title = {Improved FPTAS for Multi-Spin Systems},
  booktitle = {Proceedings of RANDOM 2013, to appear},
}

@INPROCEEDINGS{LLY12,
  author = {Li, Liang and Lu, Pinyan and Yin, Yitong},
  title = {Approximate counting via correlation decay in spin systems},
  booktitle = {Proceedings of SODA},
  year = {2012},
  pages = {922--940}
}

@ARTICLE{Lichtenstein82,
  author = {David Lichtenstein},
  title = {Planar Formulae and Their Uses},
  journal = {SIAM Journal on Computing},
  year = {1982},
  volume = {11},
  pages = {329-343},
  number = {2},
  bibsource = {DBLP, http://dblp.uni-trier.de}
}

@ARTICLE{lieb1981general,
  author = {Lieb, E.H. and Sokal, A.D.},
  title = {{A general Lee-Yang theorem for one-component and multicomponent
	ferromagnets}},
  journal = {Communications in Mathematical Physics},
  year = {1981},
  volume = {80},
  pages = {153--179},
  number = {2},
  publisher = {Springer}
}

@ARTICLE{Lovasz2006,
  author = {L. Lov\'{a}sz},
  title = {The rank of connection matrices and the dimension of graph algebras},
  journal = {European Journal of Combinatorics},
  year = {2006},
  volume = {27},
  pages = {962--970},
  number = {6}
}

@ARTICLE{lovasz67,
  author = {L. Lov\'{a}sz},
  title = {Operations with structures},
  journal = {Acta Math. Hung.},
  year = {1967},
  volume = {18},
  pages = {321-328}
}

@INPROCEEDINGS{IS_LV97,
  author = {Luby, Michael and Vigoda, Eric},
  title = {Approximately counting up to four (extended abstract)},
  booktitle = {Proceedings of STOC},
  year = {1997},
  pages = {682--687}
}

@ARTICLE{MO94,
  author = {F. Martinelli and E. Olivieri},
  title = {Approach to equilibrium of Glauber dynamics in the one phase region},
  journal = {Communications in Mathematical Physics},
  year = {1994},
  volume = {161},
  pages = {487--514},
  doi = {10.1007/BF02101930},
  masid = {18189603}
}

@ARTICLE{MSW07,
  author = {Fabio Martinelli and Alistair Sinclair and Dror Weitz},
  title = {Fast mixing for independent sets, colorings, and other models on
	trees},
  journal = {Random Struct. Algorithms},
  year = {2007},
  volume = {31},
  pages = {134-172},
  number = {2}
}

@INPROCEEDINGS{MSW03,
  author = {Martinelli, Fabio and Sinclair, Alistair and Weitz, Dror},
  title = {The Ising Model on Trees: Boundary Conditions and Mixing Time},
  booktitle = {Proceedings of the 44th Annual IEEE Symposium on Foundations of Computer
	Science},
  year = {2003},
  series = {FOCS '03},
  pages = {628--},
  address = {Washington, DC, USA},
  publisher = {IEEE Computer Society},
  acmid = {946335},
  isbn = {0-7695-2040-5},
  url = {http://dl.acm.org/citation.cfm?id=946243.946335}
}

@BOOK{mccoy1973two,
  title = {{The two-dimensional Ising model}},
  publisher = {Harvard University Press Cambridge},
  year = {1973},
  author = {McCoy, B.M. and Wu, T.T.}
}

@ARTICLE{MELLINGER96,
  author = {Mellinger, A. and Vidal, C. R. and Jungen, Ch.},
  title = {Laser reduced fluorescence study of the carbon-monoxide nd triplet
	{R}ydberg series-experimental results and multichannel quantum-defect
	analysis},
  journal = {J. Chem. Phys.},
  year = {1996},
  volume = {104},
  pages = {8913-8921},
  number = {5}
}

@ARTICLE{col_Molloy04,
  author = {Michael Molloy},
  title = {The Glauber Dynamics on Colorings of a Graph with High Girth and
	Maximum Degree},
  journal = {SIAM Journal on Computing},
  year = {2004},
  volume = {33},
  pages = {721-737},
  number = {3},
  bibsource = {DBLP, http://dblp.uni-trier.de},
  ee = {http://dx.doi.org/10.1137/S0097539702401786}
}

@ARTICLE{inapp_MWW09,
  author = {Elchanan Mossel and Dror Weitz and Nicholas Wormald},
  title = {On the hardness of sampling independent sets beyond the tree threshold},
  journal = {Probability Theory and Related Fields},
  year = {2009},
  volume = {143},
  pages = {401--439},
  doi = {10.1007/s00440-007-0131-9},
  masid = {16024454}
}

@BOOK{Murota,
  title = {Matrices and Matroids for Systems Analysis},
  publisher = {Springer},
  year = {2000},
  author = {K. Murota},
  address = {Berlin}
}

@ARTICLE{onsager1949,
  author = {Onsager, L.},
  title = {{Discussion}},
  journal = {Nuovo Cimento (suppl.)},
  year = {1949},
  volume = {2},
  pages = {261}
}

@ARTICLE{onsager1944crystal,
  author = {Onsager, L.},
  title = {{Crystal statistics. I. A two-dimensional model with an order-disorder
	transition}},
  journal = {Physical Review},
  year = {1944},
  volume = {65},
  pages = {117--149},
  number = {3-4},
  publisher = {APS}
}

@INPROCEEDINGS{PZ82,
  author = {Papadimitriou, Christos H. and Zachos, Stathis},
  title = {Two remarks on the power of counting},
  booktitle = {Proceedings of the 6th GI-Conference on Theoretical Computer Science},
  year = {1982},
  pages = {269--276}
}

@INPROCEEDINGS{RSTVY11,
  author = {Ricardo Restrepo and Jinwoo Shin and Prasad Tetali and Eric Vigoda
	and Linji Yang},
  title = {Improved Mixing Condition on the Grid for Counting and Sampling Independent
	Sets},
  booktitle = {Proceedings of FOCS },
  year = {2011},
  pages = {140--149}
}

@CONFERENCE{schaefer1978,
  author = {Schaefer, T.J.},
  title = {{The complexity of satisfiability problems}},
  booktitle = {Proceedings of the tenth annual ACM symposium on Theory of computing},
  year = {1978},
  series = {STOC '78},
  pages = {226},
  organization = {ACM}
}

@INPROCEEDINGS{Schaefer78,
  author = {Thomas J. Schaefer},
  title = {The complexity of satisfiability problems},
  booktitle = {Proceedings of the tenth annual ACM symposium on Theory of computing},
  year = {1978},
  series = {STOC '78},
  pages = {216--226},
  address = {New York, NY, USA},
  publisher = {ACM},
  doi = {http://doi.acm.org/10.1145/800133.804350},
  location = {San Diego, California, United States}
}

@ARTICLE{Scott05,
  author = {Alexander Scott and Alan Sokal},
  title = {The repulsive lattice gas, the independent-set polynomial, and the
	$\textsc{L}$ov{\'a}sz $\textsc{L}$ocal $\textsc{L}$emma},
  year = {2005}
}

@ARTICLE{SHELL02,
  author = {Michael Shell},
  title = {How to Use the {IEEEtran \LaTeX} Class},
  journal = {Journal of {\LaTeX} Class Files},
  year = {2002},
  volume = {12},
  pages = {100--120},
  number = {4}
}

@INPROCEEDINGS{SST,
  author = {Alistair Sinclair and Piyush Srivastava and Marc Thurley},
  title = {Approximation algorithms for two-state anti-ferromagnetic spin systems
	on bounded degree graphs},
  booktitle = {Proceedings of SODA},
  year = {2012},
  pages = {941--953}
}

@INPROCEEDINGS{Sly10,
  author = {Sly, Allan},
  title = {Computational Transition at the Uniqueness Threshold},
  booktitle = {Proceedings of FOCS},
  year = {2010},
  pages = {287--296}
}

@ARTICLE{Sly08,
  author = {Sly, Allan},
  title = {Uniqueness thresholds on trees versus graphs},
  journal = {The Annals of Applied Probability},
  year = {2008},
  volume = {18},
  pages = {1897--1909},
  number = {5},
  publisher = {Institute of Mathematical Statistics}
}

@INPROCEEDINGS{SS12,
  author = {Allan Sly and Nike Sun},
  title = {The Computational Hardness of Counting in Two-Spin Models on $d$-Regular
	Graphs},
  booktitle = {Proceedings of FOCS},
  year = {2012},
  pages = {361-369}
}

@ARTICLE{SS12-1,
  author = {Sly, Allan and Sun, Nike},
  title = {The computational hardness of counting in two-spin models on d-regular
	graphs},
  journal = {arXiv preprint arXiv:1203.2602},
  year = {2012}
}

@ARTICLE{galanis2012inapproximability,
  author = {Galanis, A. and Stefankovic, D. and Vigoda, E.},
  title = {Inapproximability of the Partition Function for the Antiferromagnetic
	Ising and Hard-Core Models},
  journal = {Arxiv preprint arXiv:1203.2226},
  year = {2012}
}


@ARTICLE{SVV10,
  author = {Daniel Stefankovic and Santosh Vempala and Eric Vigoda},
  title = {A Deterministic Polynomial-time Approximation Scheme for Counting
	Knapsack Solutions},
  journal = {CoRR},
  year = {2010},
  volume = {abs/1008.1687},
  bibsource = {DBLP, http://dblp.uni-trier.de},
  ee = {http://arxiv.org/abs/1008.1687}
}

@ARTICLE{TF1961,
  author = {H. N. V. Temperley and M. E. Fisher},
  title = {Dimer problem in statistical mechanics �C an exact result},
  journal = {Philosophical Magazine},
  year = {1961},
  volume = {6},
  pages = {1061�C 1063}
}

@ARTICLE{Thurley,
  author = {M. Thurley},
  title = {The Complexity of Partition Functions on {Hermitian} Matrices},
  journal = {arXiv:1004.0992},
  year = {2010}
}

@ARTICLE{Toda91,
  author = {Seinosuke Toda},
  title = {PP is as Hard as the Polynomial-Time Hierarchy},
  journal = {SIAM Journal on Computing},
  year = {1991},
  volume = {20},
  pages = {865-877},
  number = {5},
  bibsource = {DBLP, http://dblp.uni-trier.de}
}

@ARTICLE{Toda92,
  author = {Toda, Seinosuke and Ogiwara, Mitsunori},
  title = {Counting classes are at least as hard as the polynomial-time hierarchy},
  journal = {SIAM J. Comput.},
  year = {1992},
  volume = {21},
  pages = {316--328},
  number = {2},
  issn = {0097-5397}
}

@ARTICLE{Vadhan01,
  author = {Salil P. Vadhan},
  title = {The Complexity of Counting in Sparse, Regular, and Planar Graphs},
  journal = {SIAM Journal on Computing},
  year = {2001},
  volume = {31},
  pages = {398-427},
  number = {2},
  bibsource = {DBLP, http://dblp.uni-trier.de},
  ee = {http://epubs.siam.org/sam-bin/dbq/article/32160}
}

@ARTICLE{HA_J,
  author = {Leslie G. Valiant},
  title = {Holographic Algorithms},
  journal = {SIAM Journal on Computing},
  year = {2008},
  volume = {37},
  pages = {1565--1594},
  number = {5},
  address = {Philadelphia, PA, USA},
  doi = {http://dx.doi.org/10.1137/070682575},
  issn = {0097-5397},
  publisher = {Society for Industrial and Applied Mathematics}
}

@INPROCEEDINGS{AA_FOCS,
  author = {Leslie G. Valiant},
  title = {Accidental Algorthims},
  booktitle = {Proceedings of the 47th Annual IEEE Symposium on Foundations of Computer
	Science},
  year = {2006},
  series = {FOCS '06},
  pages = {509--517},
  address = {Washington, DC, USA},
  publisher = {IEEE Computer Society},
  doi = {http://dx.doi.org/10.1109/FOCS.2006.7},
  isbn = {0-7695-2720-5}
}

@INPROCEEDINGS{HA_FOCS,
  author = {Leslie G. Valiant},
  title = {Holographic Algorithms (Extended Abstract)},
  booktitle = {Proceedings of the 45th Annual IEEE Symposium on Foundations of Computer
	Science},
  year = {2004},
  series = {FOCS '04},
  pages = {306--315},
  address = {Washington, DC, USA},
  publisher = {IEEE Computer Society},
  doi = {http://dx.doi.org/10.1109/FOCS.2004.34},
  isbn = {0-7695-2228-9}
}

@ARTICLE{Valiant02,
  author = {Leslie G. Valiant},
  title = {Quantum Circuits That Can Be Simulated Classically in Polynomial
	Time},
  journal = {SIAM Journal on Computing},
  year = {2002},
  volume = {31},
  pages = {1229-1254},
  number = {4},
  bibsource = {DBLP, http://dblp.uni-trier.de},
  ee = {http://epubs.siam.org/sam-bin/dbq/article/37702}
}

@ARTICLE{Valiant02_matchgate,
  author = {Leslie G. Valiant},
  title = {Expressiveness of matchgates},
  journal = {Theoretical Computer Science},
  year = {2002},
  volume = {289},
  pages = {457-471},
  number = {1},
  bibsource = {DBLP, http://dblp.uni-trier.de}
}

@inproceedings{linial1998deterministic,
  title={A deterministic strongly polynomial algorithm for matrix scaling and approximate permanents},
  author={Linial, Nathan and Samorodnitsky, Alex and Wigderson, Avi},
  booktitle={Proceedings of the thirtieth annual ACM symposium on Theory of computing},
  pages={644--652},
  year={1998},
  organization={ACM}
}

@article{gamarnik2010deterministic,
  title={A deterministic approximation algorithm for computing the permanent of a 0, 1 matrix},
  author={Gamarnik, David and Katz, Dmitriy},
  journal={Journal of Computer and System Sciences},
  volume={76},
  number={8},
  pages={879--883},
  year={2010},
  publisher={Elsevier}
}





@article{jerrum1989approximating,
    title={Approximating the permanent},
    author={Jerrum, Mark and Sinclair, Alistair},
    journal={SIAM journal on computing},
    volume={18},
    number={6},
    pages={1149--1178},
    year={1989},
    publisher={SIAM}
}

@ARTICLE{Valiant79,
  author = {Leslie G. Valiant},
  title = {The Complexity of Computing the Permanent},
  journal = {Theoretical Computer Science},
  year = {1979},
  volume = {8},
  pages = {189-201},
  bibsource = {DBLP, http://dblp.uni-trier.de}
}

@ARTICLE{Valiant79b,
  author = {Leslie G. Valiant},
  title = {The Complexity of Enumeration and Reliability Problems},
  journal = {SIAM Journal on Computing},
  year = {1979},
  volume = {8},
  pages = {410-421},
  number = {3},
  bibsource = {DBLP, http://dblp.uni-trier.de}
}

@ARTICLE{VV86,
  author = {Valiant, L. G. and Vazirani, V. V.},
  title = {{NP} is as easy as detecting unique solutions},
  journal = {Theoretical Computer Science},
  year = {1986},
  volume = {47},
  pages = {85--93},
  number = {1},
  issn = {0304-3975}
}

@INPROCEEDINGS{col_Vigoda99,
  author = {Vigoda, Eric},
  title = {Improved Bounds for Sampling Coloring},
  booktitle = {Proceedings of FOCS},
  year = {1999},
  pages = {51--59}
}

@INPROCEEDINGS{Weitz06,
  author = {Weitz, Dror},
  title = {Counting independent sets up to the tree threshold},
  booktitle = {Proceedings of STOC},
  year = {2006},
  pages = {140--149}
}

@PHDTHESIS{Weitz04,
  author = {Dror Weitz},
  title = {Mixing in time and space for discrete spin systems},
  year = {2004},
  note = {AAI3147046},
  isbn = {0-496-05573-9},
  publisher = {University of California, Berkeley}
}

@BOOK{welsh1993complexity,
  title = {{Complexity: knots, colourings and counting}},
  publisher = {Cambridge University Press},
  year = {1993},
  author = {Welsh, DJA}
}

@TECHREPORT{NPB2,
  author = {Alex Woo and David Bailey and Maurice Yarrow and Wijngaart Wijngaart
	and Tim Harris and William Saphir},
  title = {The {NAS} Parallel Benchmarks 2.0},
  institution = {The Pennsylvania State University CiteSeer Archives},
  year = {1995},
  month = dec # {~05},
  url = {http://www.nasa.org/}
}

@ARTICLE{XiaZZ07,
  author = {Mingji Xia and Peng Zhang and Wenbo Zhao},
  title = {Computational complexity of counting problems on 3-regular planar
	graphs},
  journal = {Theor. Comput. Sci.},
  year = {2007},
  volume = {384},
  pages = {111-125},
  number = {1},
  bibsource = {DBLP, http://dblp.uni-trier.de},
  ee = {http://dx.doi.org/10.1016/j.tcs.2007.05.023}
}

@ARTICLE{yang1952spontaneous,
  author = {Yang, C.N.},
  title = {{The spontaneous magnetization of a two-dimensional Ising model}},
  journal = {Physical Review},
  year = {1952},
  volume = {85},
  pages = {808--816},
  number = {5},
  publisher = {APS}
}

@ARTICLE{yang1952statistical,
  author = {Yang, C.N. and Lee, T.D.},
  title = {{Statistical theory of equations of state and phase transitions.
	I. Theory of condensation}},
  journal = {Physical Review},
  year = {1952},
  volume = {87},
  pages = {404--409},
  number = {3},
  publisher = {APS}
}

@INPROCEEDINGS{YZ13,
  author = {Yin, Yitong and Zhang, Chihao},
  title = {Approximate Counting via Correlation Decay on Planar Graphs},
  booktitle = {Proceedings of SODA},
  year = {2013},
  pages = {47--66}
}

@ARTICLE{app_ZhLB11,
  author = {Jinshan Zhang and Heng Liang and Fengshan Bai},
  title = {Approximating partition functions of the two-state spin system},
  journal = {Information Processing Letters},
  year = {2011},
  volume = {111},
  pages = {702-710},
  number = {14},
  bibsource = {DBLP, http://dblp.uni-trier.de},
  ee = {http://dx.doi.org/10.1016/j.ipl.2011.04.012}
}

@PROCEEDINGS{DBLP:conf/icalp/2010-1,
  title = {Automata, Languages and Programming, 37th International Colloquium,
	ICALP 2010, Bordeaux, France, July 6-10, 2010, Proceedings, Part
	I},
  year = {2010},
  editor = {Samson Abramsky and Cyril Gavoille and Claude Kirchner and Friedhelm
	Meyer auf der Heide and Paul G. Spirakis},
  volume = {6198},
  series = {Lecture Notes in Computer Science},
  publisher = {Springer},
  bibsource = {DBLP, http://dblp.uni-trier.de},
  booktitle = {ICALP (1)},
  ee = {http://dx.doi.org/10.1007/978-3-642-14165-2},
  isbn = {978-3-642-14164-5}
}

@PROCEEDINGS{DBLP:conf/icalp/2008-1,
  title = {Automata, Languages and Programming, 35th International Colloquium,
	ICALP 2008, Reykjavik, Iceland, July 7-11, 2008, Proceedings, Part
	I: Tack A: Algorithms, Automata, Complexity, and Games},
  year = {2008},
  editor = {Luca Aceto and Ivan Damg{\aa}rd and Leslie Ann Goldberg and Magn{\'u}s
	M. Halld{\'o}rsson and Anna Ing{\'o}lfsd{\'o}ttir and Igor Walukiewicz},
  volume = {5125},
  series = {Lecture Notes in Computer Science},
  publisher = {Springer},
  bibsource = {DBLP, http://dblp.uni-trier.de},
  booktitle = {ICALP (1)},
  isbn = {978-3-540-70574-1}
}

@PROCEEDINGS{DBLP:conf/icalp/2011-1,
  title = {Automata, Languages and Programming - 38th International Colloquium,
	ICALP 2011, Zurich, Switzerland, July 4-8, 2011, Proceedings, Part
	I},
  year = {2011},
  editor = {Luca Aceto and Monika Henzinger and Jiri Sgall},
  volume = {6755},
  series = {Lecture Notes in Computer Science},
  publisher = {Springer},
  bibsource = {DBLP, http://dblp.uni-trier.de},
  booktitle = {ICALP (1)},
  ee = {http://dx.doi.org/10.1007/978-3-642-22006-7},
  isbn = {978-3-642-22005-0}
}

@PROCEEDINGS{DBLP:conf/stacs/2008,
  title = {STACS 2008, 25th Annual Symposium on Theoretical Aspects of Computer
	Science, Bordeaux, France, February 21-23, 2008, Proceedings},
  year = {2008},
  editor = {Susanne Albers and Pascal Weil},
  volume = {08001},
  series = {Dagstuhl Seminar Proceedings},
  publisher = {Internationales Begegnungs- und Forschungszentrum fuer Informatik
	(IBFI), Schloss Dagstuhl, Germany},
  bibsource = {DBLP, http://dblp.uni-trier.de},
  booktitle = {STACS}
}

@PROCEEDINGS{DBLP:conf/icalp/2007,
  title = {Automata, Languages and Programming, 34th International Colloquium,
	ICALP 2007, Wroclaw, Poland, July 9-13, 2007, Proceedings},
  year = {2007},
  editor = {Lars Arge and Christian Cachin and Tomasz Jurdzinski and Andrzej
	Tarlecki},
  volume = {4596},
  series = {Lecture Notes in Computer Science},
  publisher = {Springer},
  bibsource = {DBLP, http://dblp.uni-trier.de},
  booktitle = {ICALP},
  isbn = {978-3-540-73419-2}
}

@PROCEEDINGS{DBLP:conf/soda/2007,
  title = {Proceedings of the Eighteenth Annual ACM-SIAM Symposium on Discrete
	Algorithms, SODA 2007, New Orleans, Louisiana, USA, January 7-9,
	2007},
  year = {2007},
  editor = {Nikhil Bansal and Kirk Pruhs and Clifford Stein},
  publisher = {SIAM},
  bibsource = {DBLP, http://dblp.uni-trier.de},
  booktitle = {SODA},
  isbn = {978-0-898716-24-5}
}

@PROCEEDINGS{DBLP:conf/icalp/2006-1,
  title = {Automata, Languages and Programming, 33rd International Colloquium,
	ICALP 2006, Venice, Italy, July 10-14, 2006, Proceedings, Part I},
  year = {2006},
  editor = {Michele Bugliesi and Bart Preneel and Vladimiro Sassone and Ingo
	Wegener},
  volume = {4051},
  series = {Lecture Notes in Computer Science},
  publisher = {Springer},
  bibsource = {DBLP, http://dblp.uni-trier.de},
  booktitle = {ICALP (1)},
  isbn = {3-540-35904-4}
}

@PROCEEDINGS{DBLP:conf/icalp/2006-11,
  title = {Automata, Languages and Programming, 33rd International Colloquium,
	ICALP 2006, Venice, Italy, July 10-14, 2006, Proceedings, Part I},
  year = {2006},
  editor = {Michele Bugliesi and Bart Preneel and Vladimiro Sassone and Ingo
	Wegener},
  volume = {4051},
  series = {Lecture Notes in Computer Science},
  publisher = {Springer},
  bibsource = {DBLP, http://dblp.uni-trier.de},
  booktitle = {ICALP (1)},
  isbn = {3-540-35904-4}
}

@PROCEEDINGS{DBLP:conf/icalp/2006-12,
  title = {Automata, Languages and Programming, 33rd International Colloquium,
	ICALP 2006, Venice, Italy, July 10-14, 2006, Proceedings, Part I},
  year = {2006},
  editor = {Michele Bugliesi and Bart Preneel and Vladimiro Sassone and Ingo
	Wegener},
  volume = {4051},
  series = {Lecture Notes in Computer Science},
  publisher = {Springer},
  bibsource = {DBLP, http://dblp.uni-trier.de},
  booktitle = {ICALP (1)},
  isbn = {3-540-35904-4}
}

@PROCEEDINGS{DBLP:conf/icalp/20051,
  title = {Automata, Languages and Programming, 32nd International Colloquium,
	ICALP 2005, Lisbon, Portugal, July 11-15, 2005, Proceedings},
  year = {2005},
  editor = {Lu\'{\i}s Caires and Giuseppe F. Italiano and Lu\'{\i}s Monteiro
	and Catuscia Palamidessi and Moti Yung},
  volume = {3580},
  series = {Lecture Notes in Computer Science},
  publisher = {Springer},
  bibsource = {DBLP, http://dblp.uni-trier.de},
  booktitle = {ICALP},
  isbn = {3-540-27580-0}
}

@PROCEEDINGS{DBLP:conf/tamc/2009,
  title = {Theory and Applications of Models of Computation, 6th Annual Conference,
	TAMC 2009, Changsha, China, May 18-22, 2009. Proceedings},
  year = {2009},
  editor = {Jianer Chen and S. Barry Cooper},
  volume = {5532},
  series = {Lecture Notes in Computer Science},
  publisher = {Springer},
  bibsource = {DBLP, http://dblp.uni-trier.de},
  booktitle = {TAMC},
  ee = {http://dx.doi.org/10.1007/978-3-642-02017-9},
  isbn = {978-3-642-02016-2}
}

@PROCEEDINGS{DBLP:conf/isaac/2010-1,
  title = {Algorithms and Computation - 21st International Symposium, ISAAC
	2010, Jeju Island, Korea, December 15-17, 2010, Proceedings, Part
	I},
  year = {2010},
  editor = {Otfried Cheong and Kyung-Yong Chwa and Kunsoo Park},
  volume = {6506},
  series = {Lecture Notes in Computer Science},
  publisher = {Springer},
  bibsource = {DBLP, http://dblp.uni-trier.de},
  booktitle = {ISAAC (1)},
  ee = {http://dx.doi.org/10.1007/978-3-642-17517-6},
  isbn = {978-3-642-17516-9}
}

@PROCEEDINGS{DBLP:conf/fct/2007,
  title = {Fundamentals of Computation Theory, 16th International Symposium,
	FCT 2007, Budapest, Hungary, August 27-30, 2007, Proceedings},
  year = {2007},
  editor = {Erzs{\'e}bet Csuhaj-Varj{\'u} and Zolt{\'a}n {\'E}sik},
  volume = {4639},
  series = {Lecture Notes in Computer Science},
  publisher = {Springer},
  bibsource = {DBLP, http://dblp.uni-trier.de},
  booktitle = {FCT},
  isbn = {978-3-540-74239-5}
}

@PROCEEDINGS{DBLP:conf/icalp/2004,
  title = {Automata, Languages and Programming: 31st International Colloquium,
	ICALP 2004, Turku, Finland, July 12-16, 2004. Proceedings},
  year = {2004},
  editor = {Josep D\'{\i}az and Juhani Karhum{\"a}ki and Arto Lepist{\"o} and
	Donald Sannella},
  volume = {3142},
  series = {Lecture Notes in Computer Science},
  publisher = {Springer},
  bibsource = {DBLP, http://dblp.uni-trier.de},
  booktitle = {ICALP},
  isbn = {3-540-22849-7}
}

@PROCEEDINGS{DBLP:conf/wads/2005,
  title = {Algorithms and Data Structures, 9th International Workshop, WADS
	2005, Waterloo, Canada, August 15-17, 2005, Proceedings},
  year = {2005},
  editor = {Frank K. H. A. Dehne and Alejandro L{\'o}pez-Ortiz and J{\"o}rg-R{\"u}diger
	Sack},
  volume = {3608},
  series = {Lecture Notes in Computer Science},
  publisher = {Springer},
  bibsource = {DBLP, http://dblp.uni-trier.de},
  booktitle = {WADS},
  isbn = {3-540-28101-0}
}

@PROCEEDINGS{DBLP:conf/isaac/2005,
  title = {Algorithms and Computation, 16th International Symposium, ISAAC 2005,
	Sanya, Hainan, China, December 19-21, 2005, Proceedings},
  year = {2005},
  editor = {Xiaotie Deng and Ding-Zhu Du},
  volume = {3827},
  series = {Lecture Notes in Computer Science},
  publisher = {Springer},
  bibsource = {DBLP, http://dblp.uni-trier.de},
  booktitle = {ISAAC},
  isbn = {3-540-30935-7}
}

@PROCEEDINGS{DBLP:conf/isaac/2008,
  title = {Algorithms and Computation, 19th International Symposium, ISAAC 2008,
	Gold Coast, Australia, December 15-17, 2008. Proceedings},
  year = {2008},
  editor = {Seok-Hee Hong and Hiroshi Nagamochi and Takuro Fukunaga},
  volume = {5369},
  series = {Lecture Notes in Computer Science},
  publisher = {Springer},
  bibsource = {DBLP, http://dblp.uni-trier.de},
  booktitle = {ISAAC},
  ee = {http://dx.doi.org/10.1007/978-3-540-92182-0},
  isbn = {978-3-540-92181-3}
}

@PROCEEDINGS{DBLP:conf/approx/2000,
  title = {Approximation Algorithms for Combinatorial Optimization, Third International
	Workshop, APPROX 2000, Saarbr{\"u}cken, Germany, September 5-8, 2000,
	Proceedings},
  year = {2000},
  editor = {Klaus Jansen and Samir Khuller},
  volume = {1913},
  series = {Lecture Notes in Computer Science},
  publisher = {Springer},
  bibsource = {DBLP, http://dblp.uni-trier.de},
  booktitle = {APPROX},
  isbn = {3-540-67996-0}
}

@PROCEEDINGS{DBLP:conf/stoc/2007,
  title = {Proceedings of the 39th Annual ACM Symposium on Theory of Computing,
	San Diego, California, USA, June 11-13, 2007},
  year = {2007},
  editor = {David S. Johnson and Uriel Feige},
  publisher = {ACM},
  bibsource = {DBLP, http://dblp.uni-trier.de},
  booktitle = {STOC},
  isbn = {978-1-59593-631-8}
}

@PROCEEDINGS{DBLP:conf/tamc/2010,
  title = {Theory and Applications of Models of Computation, 7th Annual Conference,
	TAMC 2010, Prague, Czech Republic, June 7-11, 2010. Proceedings},
  year = {2010},
  editor = {Jan Kratochv\'{\i}l and Angsheng Li and Jir\'{\i} Fiala and Petr
	Kolman},
  volume = {6108},
  series = {Lecture Notes in Computer Science},
  publisher = {Springer},
  bibsource = {DBLP, http://dblp.uni-trier.de},
  booktitle = {TAMC},
  ee = {http://dx.doi.org/10.1007/978-3-642-13562-0},
  isbn = {978-3-642-13561-3}
}

@PROCEEDINGS{DBLP:conf/latin/2010,
  title = {LATIN 2010: Theoretical Informatics, 9th Latin American Symposium,
	Oaxaca, Mexico, April 19-23, 2010. Proceedings},
  year = {2010},
  editor = {Alejandro L{\'o}pez-Ortiz},
  volume = {6034},
  series = {Lecture Notes in Computer Science},
  publisher = {Springer},
  bibsource = {DBLP, http://dblp.uni-trier.de},
  ee = {http://dx.doi.org/10.1007/978-3-642-12200-2},
  isbn = {978-3-642-12199-9}
}

@PROCEEDINGS{DBLP:conf/stacs/2010,
  title = {27th International Symposium on Theoretical Aspects of Computer Science,
	STACS 2010, March 4-6, 2010, Nancy, France},
  year = {2010},
  editor = {Jean-Yves Marion and Thomas Schwentick},
  volume = {5},
  series = {LIPIcs},
  publisher = {Schloss Dagstuhl - Leibniz-Zentrum fuer Informatik},
  bibsource = {DBLP, http://dblp.uni-trier.de},
  booktitle = {STACS},
  isbn = {978-3-939897-16-3}
}

@PROCEEDINGS{Marion2010,
  title = {27th International Symposium on Theoretical Aspects of Computer Science,
	STACS 2010, March 4-6, 2010, Nancy, France},
  year = {2010},
  editor = {Jean-Yves Marion and Thomas Schwentick},
  volume = {5},
  series = {LIPIcs},
  publisher = {Schloss Dagstuhl - Leibniz-Zentrum fuer Informatik},
  bibsource = {DBLP, http://dblp.uni-trier.de},
  booktitle = {STACS},
  isbn = {978-3-939897-16-3}
}

@PROCEEDINGS{DBLP:conf/stoc/2009,
  title = {Proceedings of the 41st Annual ACM Symposium on Theory of Computing,
	STOC 2009, Bethesda, MD, USA, May 31 - June 2, 2009},
  year = {2009},
  editor = {Michael Mitzenmacher},
  publisher = {ACM},
  bibsource = {DBLP, http://dblp.uni-trier.de},
  booktitle = {STOC},
  isbn = {978-1-60558-506-2}
}

@PROCEEDINGS{DBLP:conf/cocoon/2009,
  title = {Computing and Combinatorics, 15th Annual International Conference,
	COCOON 2009, Niagara Falls, NY, USA, July 13-15, 2009, Proceedings},
  year = {2009},
  editor = {Hung Q. Ngo},
  volume = {5609},
  series = {Lecture Notes in Computer Science},
  publisher = {Springer},
  bibsource = {DBLP, http://dblp.uni-trier.de},
  booktitle = {COCOON},
  ee = {http://dx.doi.org/10.1007/978-3-642-02882-3},
  isbn = {978-3-642-02881-6}
}

@PROCEEDINGS{DBLP:conf/wine/2006,
  title = {Internet and Network Economics, Second International Workshop, WINE
	2006, Patras, Greece, December 15-17, 2006, Proceedings},
  year = {2006},
  editor = {Paul G. Spirakis and Marios Mavronicolas and Spyros C. Kontogiannis},
  volume = {4286},
  series = {Lecture Notes in Computer Science},
  publisher = {Springer},
  bibsource = {DBLP, http://dblp.uni-trier.de},
  booktitle = {WINE},
  isbn = {3-540-68138-8}
}

@PROCEEDINGS{DBLP:conf/stacs/2007,
  title = {STACS 2007, 24th Annual Symposium on Theoretical Aspects of Computer
	Science, Aachen, Germany, February 22-24, 2007, Proceedings},
  year = {2007},
  editor = {Wolfgang Thomas and Pascal Weil},
  volume = {4393},
  series = {Lecture Notes in Computer Science},
  publisher = {Springer},
  bibsource = {DBLP, http://dblp.uni-trier.de},
  booktitle = {STACS},
  isbn = {978-3-540-70917-6}
}

@PROCEEDINGS{DBLP:conf/cocoon/2005,
  title = {Computing and Combinatorics, 11th Annual International Conference,
	COCOON 2005, Kunming, China, August 16-29, 2005, Proceedings},
  year = {2005},
  editor = {Lusheng Wang},
  volume = {3595},
  series = {Lecture Notes in Computer Science},
  publisher = {Springer},
  bibsource = {DBLP, http://dblp.uni-trier.de},
  booktitle = {COCOON},
  isbn = {3-540-28061-8}
}

@PROCEEDINGS{DBLP:conf/focs/2010,
  title = {51th Annual IEEE Symposium on Foundations of Computer Science, FOCS
	2010, October 23-26, 2010, Las Vegas, Nevada, USA},
  year = {2010},
  publisher = {IEEE Computer Society},
  bibsource = {DBLP, http://dblp.uni-trier.de},
  booktitle = {FOCS},
  isbn = {978-0-7695-4244-7}
}

@PROCEEDINGS{DBLP:conf/focs/2005,
  title = {46th Annual IEEE Symposium on Foundations of Computer Science (FOCS
	2005), 23-25 October 2005, Pittsburgh, PA, USA, Proceedings},
  year = {2005},
  publisher = {IEEE Computer Society},
  bibsource = {DBLP, http://dblp.uni-trier.de},
  booktitle = {FOCS},
  isbn = {0-7695-2468-0}
}

@PROCEEDINGS{DBLP:conf/soda/2005,
  title = {Proceedings of the Sixteenth Annual ACM-SIAM Symposium on Discrete
	Algorithms, SODA 2005, Vancouver, British Columbia, Canada, January
	23-25, 2005},
  year = {2005},
  publisher = {SIAM},
  bibsource = {DBLP, http://dblp.uni-trier.de},
  booktitle = {SODA},
  isbn = {0-89871-585-7}
}

@PROCEEDINGS{DBLP:conf/focs/2004,
  title = {45th Symposium on Foundations of Computer Science (FOCS 2004), 17-19
	October 2004, Rome, Italy, Proceedings},
  year = {2004},
  publisher = {IEEE Computer Society},
  bibsource = {DBLP, http://dblp.uni-trier.de},
  booktitle = {FOCS},
  isbn = {0-7695-2228-9}
}

@PROCEEDINGS{2003,
  title = {44th Symposium on Foundations of Computer Science (FOCS 2003), 11-14
	October 2003, Cambridge, MA, USA, Proceedings},
  year = {2003},
  publisher = {IEEE Computer Society},
  bibsource = {DBLP, http://dblp.uni-trier.de},
  booktitle = {FOCS},
  isbn = {0-7695-2040-5}
}

@PROCEEDINGS{DBLP:conf/focs/2003,
  title = {44th Symposium on Foundations of Computer Science (FOCS 2003), 11-14
	October 2003, Cambridge, MA, USA, Proceedings},
  year = {2003},
  publisher = {IEEE Computer Society},
  bibsource = {DBLP, http://dblp.uni-trier.de},
  booktitle = {FOCS},
  isbn = {0-7695-2040-5}
}

@PROCEEDINGS{DBLP:conf/stoc/2003,
  title = {Proceedings of the 35th Annual ACM Symposium on Theory of Computing,
	June 9-11, 2003, San Diego, CA, USA},
  year = {2003},
  publisher = {ACM},
  bibsource = {DBLP, http://dblp.uni-trier.de},
  booktitle = {STOC},
  isbn = {1-58113-674-9}
}

@PROCEEDINGS{DBLP:conf/stoc/STOC3,
  title = {Conference Record of Third Annual ACM Symposium on Theory of Computing,
	1971, Shaker Heights, Ohio, USA},
  year = {1971},
  publisher = {ACM},
  bibsource = {DBLP, http://dblp.uni-trier.de},
  booktitle = {STOC}
}
